2222 4078
367 89 409 130 ιιι
429 89 575 134 nsornns.
877 75 938 132 808

6 244 106 300 ,assam
119 233 309 301 incommoda,
331 234 367 292 ob
381 253 445 310 quae
458 235 507 294 lex
524 235 574 294 illa
595 233 653 292 lata
666 247 721 296 est.
750 235 871 297 Pariter
889 236 938 296 lex

6 315 101 374 uitam
123 315 232 374 faciens
245 315 446 392 professionem
462 317 617 376 solemnem
631 328 697 376 ante
710 338 814 377 annum
834 319 870 376 16
886 319 937 376 ob·

6 397 69 474 igat,
95 410 357 474 quantumcumque
371 397 408 456 sit
431 397 489 456 doli
513 419 602 478 capax
623 400 758 474 profitens
778 413 843 458 ante
858 395 937 458 illam

6 493 127 540 etatemz
149 479 215 538 talis
229 499 340 555 quoque
354 494 398 538 est
414 479 460 538 lex
474 479 624 558 prohibens
640 479 758 540 Clerieis
778 481 936 560 ingressum

6 563 138 626 abernae:
160 561 220 620 imo
207 561 306 618 tales
320 574 386 618 suot
399 561 541 640 pleraeque
555 561 642 638 leges.

29 644 80 700 De
96 641 142 700 his
157 643 269 718 legibus
283 642 449 718 intelligitur
463 641 517 702 hoo
531 664 682 702 commune
697 639 846 702 dictumt‘
849 645 936 704 ‘Ces-

6 731 111 790 {sante
136 723 193 782 fine
218 725 288 801 legis
312 724 485 802 negative
464 746 523 784 ame
545 726 574 782 in
598 725 768 806 particulari,
789 745 845 784 non
870 725 936 786 ideo

6 813 121 864 cessat
135 803 210 862 lex.’'

28 888 192 952 Quomodo
205 887 372 966 intelligitur
385 885 439 944 boo
453 887 578 946 dictum:
598 889 674 946 idem
689 900 733 946 est
750 883 914 966 judicium
906 909 936 946 ιιι

6 989 49 1028 oro
64 969 139 1047 poli,
154 969 183 1026 id
198 971 454 1040 estxconscientiae,
470 984 499 1028 et
513 971 542 1028 in
556 971 617 1030 foro
631 969 694 1040 sori,
708 969 738 1028 id
752 983 804 1041 est,
819 971 849 1028 in
858 969 935 1049 judi-

6 1051 32 1109 io
45 1051 106 1110 fori
120 1051 254 1110 externi?
878 1119 881 1126 Δ

29 1134 68 1192 R.
94 1132 176 1192 lllud
189 1152 286 1191 verum
309 1145 352 1192 est
365 1133 394 1191 in
408 1134 464 1192 illis
478 1134 598 1204 casibus,
619 1134 722 1208 quibus
736 1134 827 1192 foram
842 1146 935 1194 exter·

6 1235 55 1271 mm
71 1234 134 1272 ιιοιι
148 1213 249 1279 nititur
262 1216 481 1294 praesumptione
494 1215 582 1286 selein
595 1215 644 1274 abi
657 1216 725 1274 dum
740 1213 877 1284 innititur,
892 1217 935 1274 di·

6 1315 106 1356 arsum
119 1308 217 1374 potest
230 1317 291 1355 esse
301 1295 449 1374 judicium·

6 1425 95 1546 ιιι.
140 1458 199 1518 on
221 1459 511 1520 oamosnroma
532 1457 657 1520 nnors
677 1457 934 1520 mmmmm.

6 1621 103 1688 ,Lex
126 1623 260 1682 irritans.
301 1623 341 1682 IL
368 1623 519 1682 Uadenam
541 1623 736 1699 dinumeratur.
776 1621 833 1682 ΙΙΙ.
857 1624 933 1698 an-

6 1753 8 1774 ,
29 1705 118 1763 modo
132 1703 256 1784 differat
267 1704 287 1764 ὰ
295 1703 463 1783 prohibente
476 1705 597 1766 tautam.
638 1703 690 1764 IV.
711 1703 847 1764 Irritotio
857 1702 934 1786 fieri

22 1795 125 1864 potest
131 1786 244 1846 duobus
253 1789 355 1846 modes.
370 1787 407 1845 V.
417 1787 487 1847 Non
495 1785 626 1847 cessatob
635 1787 756 1864 quodvis
761 1787 933 1866 ριιίιιιίιιιιι.

6 1867 269 2010 ὓἴεξιωεΙΙιιιιιριι“ο.
305 1869 375 1930 VII.
394 1867 527 1930 Possunt
548 1888 657 1928 emmre
680 1868 822 2018 qqateorls
830 1867 933 1948 proli-

7 2111 235 2192 QUAENAM
259 2112 307 2172 lex
330 2113 433 2174 dieitur
455 2113 574 2194 vulgb
566 2111 686 2186 imitans,
707 2113 738 2172 id
757 2125 801 2173 est
821 2111 932 2172 irritum

7 2177 122 2264 iniens?

7 2277 54 2344 ΙΙ.
76 2278 118 2336 R.
138 2276 203 2347 Illa,
224 2297 287 2353 qnae
301 2289 404 2350 actum,
425 2297 509 2355 quem
524 2275 663 2356 prohibet,
684 2275 769 2336 simul
782 2275 897 2336 reddit
889 2297 932 2334 rn-

7 2359 129 2434 alidum,
151 2379 203 2418 sen
216 2359 276 2417 sine
290 2359 411 2419 effectu:
433 2361 473 2420 ito
485 2360 533 2418 lex
552 2372 660 2418 naturae
674 2357 823 2436 prohibens
837 2359 932 2416 matri·

7 2442 120 2506 nonium
134 2439 209 2498 inter
223 2453 338 2500 mamam
353 2455 382 2500 et
392 2443 482 2500 filium
496 2454 540 2500 est
553 2441 600 2498 lex
610 2447 628 2474 “
639 2441 755 2499 Irritans
764 2439 789 2498 :''
804 2439 872 2498 item
884 2439 932 2496 lex

7 2523 116 2594 positiva
136 2521 276 2581 Eeclesioe
290 2523 440 2600 prohibens
456 2523 663 2582 matrimonium
678 2522 751 2580 inter
765 2521 932 2616 consangui-

7 2623 59 2664 teos
60 2603 167 2698 'quarti
180 2605 283 2680 gradm
297 2605 379 2664 lineae
394 2605 580 2672 collateralis;
601 2603 667 2681 quia
680 2603 776 2674 efficit,
790 2616 823 2662 ut
836 2603 932 2662 matri-

8 2687 119 2742 nonium
134 2685 209 2743 inter
230 2686 294 2744 illos
316 2688 353 2744 sit
367 2687 538 2744 invalidum:
559 2697 589 2744 et
602 2685 755 2768 generatim
771 2685 841 2744 tales
855 2685 932 2762 leges

8 2780 65 2836 unt,
88 2786 155 2862 quas
179 2779 306 2826 statuunt
320 2769 522 2846 impedimenta
535 2759 700 2828 denimentis
713 2767 931 2846 matrimonium,

8 2861 111 2924 tquae
135 2848 214 2908 imita
240 2851 362 2916 reddunt
385 2862 554 2908 testamenta
577 2850 683 2908 aliosve
707 2861 878 2920 contractus,
907 2849 931 2906 si

8 2932 122 3004 maedam
137 2931 300 2990 solemnitas
313 2944 363 2990 aut
377 2931 501 2990 conditio
516 2945 625 2990 servata
637 2951 693 2990 non
708 2931 801 2988 suerit.

8 3013 187 3071 ¹Undenam
207 3011 388 3088 dignoscitur,
410 3013 502 3090 legem
517 3013 639 3089 aliquam
654 3033 715 3072 esse
730 3008 910 3072 irritantem?

35 3094 74 3150 11.
102 3093 139 3152 R.
162 3093 207 3152 Ex
230 3115 274 3161 eo,
297 3096 375 3172 qudd
399 3107 496 3154 utatur
519 3092 562 3152 bis
586 3107 635 3152 aut
659 3093 797 3152 similibus
820 3091 931 3150 verbis:

8 3175 184 3244 ίΙιιιιιιιιιιι,
197 3176 302 3234 nullius
317 3177 418 3236 valoris
432 3197 494 3235 esse
508 3175 694 3245 decernimus,
715 3173 824 3233 irritum
839 3169 933 3232 decla·

8 3261 130 3326 ‘ramns,
153 3256 221 3316 &e.”
241 3259 345 3334 pariter
359 3279 383 3316 ιι
374 3259 444 3316 lex
467 3271 570 3316 certam
592 3257 712 3333 aliquam
728 3256 844 3314 formam
859 3274 932 3330 prae-

9 3336 96 3397 bribat
109 3340 268 3398 necessario
282 3341 312 3398 in
326 3353 473 3398 contractu
496 3340 669 3398 servandam.
712 3337 839 3422 Tandem
864 3357 929 3413 eog-

9 3421 118 3478 toseitur
132 3441 169 3478 ex
182 3441 236 3478 usu
250 3435 280 3479 et
293 3423 498 3480 consuetudine
512 3423 667 3480 observata.
933 3479 937 3489 ,

36 3502 91 3560 ΙΙΙ.
113 3503 210 3561 Lex“
222 3503 347 3561 irritans’
350 3502 505 3562 'differt
494 3523 512 3560 a
532 3503 595 3580 lege
615 3499 780 3580 prohibente
803 3499 932 3570 tantiam3

9 3584 60 3656 quia
77 3583 140 3644 haee
161 3585 254 3642 reddit
275 3587 389 3662 quidem
403 3599 507 3650 actum,
530 3605 613 3660 quem
628 3583 767 3662 probibet,
789 3581 931 3652 illicitum,

9 3665 112 3724 sednon
127 3667 300 3724 inualidum
322 3666 386 3726 bino
409 3666 532 3743 capitulo
547 3667 599 3724 An
616 3667 880 3724 Aeosron1cam“
895 3665 931 3722 de

10 3747 241 3824 Regularibus”
256 3749 406 3808 (Ιὶιὶιιιι.ι
409 3749 528 3806 ‘Multa
551 3747 611 3806 fieri
633 3745 816 3825 prohibentur
825 3764 893 3840 'quse
906 3743 931 3802 al

9 3809 101 3890 ¹loela
124 3831 239 3904 fuerint,
268 3831 396 3890 obtinent
418 3830 525 3888 roboris
547 3827 743 3890 firmitatem:'’
773 3841 802 3886 et
824 3828 863 3886 ita
834 3825 932 3886 tlex
