2216 4056
268 61 270 68 ’
332 81 374 120 oe
398 81 542 122 viaruru
564 80 641 122 arur.
877 65 935 124 169

52 225 86 282 ll.
106 225 218 284 Reum
234 226 264 286 S.
279 224 381 284 Thom.
395 237 446 284 art.
457 229 485 284 2.
498 226 647 303 negative:
664 225 730 301 quie
742 245 807 304 spes
820 227 935 305 respicit

20 305 104 362 locum
118 309 262 366 fntnmm:
284 309 431 366 beatitudo
445 319 548 378 antem,
572 327 636 384 quae
660 308 741 366 nobis
759 311 934 386 precipuum

20 389 63 464 spei
74 387 212 465 objectum
226 402 279 460 est,
293 402 433 466 respectu
440 391 601 460 Beatorum,
623 409 680 447 non
698 400 742 448 est
766 392 868 463 fictura,
883 393 935 451 sed

20 487 127 546 presens.

46 551 101 628 Obj.
123 553 206 610 Beati
220 564 334 629 sperant
348 554 587 612 continuationem
600 551 785 612 beatitudinis
798 566 828 614 et
841 571 933 613 resur·

20 634 146 691 lectionem
162 635 306 712 corporis:
330 656 404 711 ergo,
421 637 472 693 &c

20 717 22 732 '
45 715 76 770 R.
95 715 236 791 Negendo
259 728 351 774 antec.
374 719 423 788 sed
443 718 539 774 vident
561 716 589 774 in
604 717 670 776 Deo
695 715 934 778 continuationem

20 793 187 866 beatitudinis,
204 810 233 855 et
256 817 403 874 corporum
429 798 661 856 resurrectionem
684 799 836 874 aliquando
857 800 934 858 futu-

20 893 65 944 am,
79 899 160 953 qoam
177 899 245 937 cum
258 881 460 956 tranquillitate
474 891 634 957 expectant.

20 1029 21 1040 χ
44 961 84 1016 An
98 980 163 1038 spes
178 973 275 1018 manet
288 961 317 1017 in
333 963 494 1020 damnatis?

20 1045 21 1064 ³
43 1041 91 1099 lll.
106 1043 144 1100 R.
159 1063 227 1100 cnm
244 1043 273 1100 S.
288 1043 391 1100 Thom.
404 1057 455 1102 art.
478 1045 507 1101 3.
519 1041 667 1120 negative:
682 1042 747 1118 qnia
760 1057 934 1119 cognoscunt

20 1113 199 1181 lentitudinem
215 1125 268 1182 sibi
282 1145 343 1182 esse
358 1126 494 1201 acquisitu
517 1124 728 1202 impossibilem,
750 1145 815 1202 spes
838 1137 934 1183 autem

20 1203 85 1282 lrtde
99 1207 175 1264 bono
190 1207 328 1282 possibili,
342 1206 407 1266 hinc
421 1208 524 1266 dicitur
539 1207 672 1266 Proverb.
694 1225 755 1283 cap.
783 1208 830 1267 11.
855 1207 892 1268 V.
907 1209 935 1266 7.

20 1283 139 1345 '‘lllortuo
152 1287 270 1345 homine
284 1289 379 1366 impio,
394 1290 471 1346 nulla
485 1289 538 1346 erit
552 1289 627 1346 ultra
640 1287 728 1365 spes.”
767 1309 769 1318 ·
924 1315 927 1324 ⁴

43 1369 85 1425 An
98 1389 164 1446 spes
180 1381 227 1426 est
240 1370 269 1426 io
283 1370 327 1438 iis,
341 1371 470 1446 quisunt
484 1372 512 1428 in
528 1369 716 1446 Purgatorio?

20 1435 85 1512 liv.
106 1451 146 1509 rt.
168 1451 368 1512 Affirmant:
390 1454 455 1528 que
469 1453 522 1511 etsi
536 1453 572 1510 ns
587 1451 769 1510 Beatitudioe
783 1452 935 1510 obtineres

20 1521 143 1602 lertisint,
159 1553 196 1590 ee
210 1545 305 1592 tamen
329 1533 419 1593 adhuc
442 1536 541 1593 abeerm
565 1547 617 1601 est,
642 1545 672 1592 et
696 1535 783 1591 ardua
807 1535 935 1593 obtentu.

20 1597 74 1669 ldem
89 1627 148 1672 erut
161 1626 230 1672 ante
245 1616 410 1674 descensum
423 1615 530 1676 Christi
544 1617 580 1674 ad
593 1615 697 1674 inferos
711 1616 747 1673 de
759 1615 890 1674 Patribus
904 1617 934 1673 in

20 1685 96 1752 limbo
109 1696 284 1754 constitutis.

41 1776 68 1832 lu
81 1779 184 1852 quibus
198 1777 358 1836 hominibus
372 1779 524 1836 viatoribus
537 1777 656 1836 hebetur
670 1779 754 1856 spes?

20 1849 73 1914 'lt
92 1860 210 1918 Patebit
238 1860 342 1917 solutio
365 1861 575 1930 considerando,
604 1861 746 1936 quomodo
770 1859 858 1918 virtus
882 1880 934 1918 seu

20 1935 102 1996 illitus
117 1942 181 2018 spei
196 1942 226 1998 in
240 1940 293 1998 hac
304 1943 362 2000 vite
374 1943 527 2000 amittatur.

20 2013 22 2036 '
40 2020 70 2077 V.
87 2025 133 2080 l0.
149 2023 305 2082 Amittitur
312 2044 362 2100 per
372 2025 548 2082 amissionem
558 2022 643 2081 fidei:
659 2023 724 2100 quia
732 2033 796 2100 spes
806 2042 932 2101 praesup-

20 2104 72 2159 lonit
85 2105 171 2162 fidem
187 2117 319 2180 tanquam
335 2107 547 2166 frmdemeutum
559 2129 566 2173 ς
580 2105 699 2182 proinde
714 2123 811 2162 omnes
822 2105 873 2175 illi,
883 2107 931 2181 qui

20 2171 52 2240 lde
64 2198 168 2255 carent,
184 2187 271 2243 etiam
285 2207 364 2263 spem
378 2208 434 2244 oon
449 2186 561 2254 habent,
577 2198 606 2246 et
619 2206 654 2246 eo
677 2187 748 2264 ipso,
772 2205 830 2262 quo
847 2189 930 2248 amit·

20 2261 63 2322 itu
74 2268 152 2336 fides,
168 2282 373 2342 consequenter
386 2269 470 2327 etiam
485 2268 624 2328 amittitur
637 2288 710 2344 spes.

20 2345 21 2348 ’
40 2347 68 2404 lu
80 2347 223 2408 haereticis
233 2350 350 2426 proinde
359 2371 415 2408 non
425 2363 469 2409 est
483 2371 557 2427 spes,
572 2348 638 2408 crim
652 2350 707 2408 lide
722 2361 852 2408 careant:
864 2369 930 2426 spes

20 2427 83 2502 gitur,
98 2451 165 2506 quae
179 2431 210 2488 in
222 2431 290 2507 ipsis
304 2451 365 2490 esse
379 2433 498 2502 videtur,
515 2451 573 2490 non
586 2444 631 2490 est
643 2451 709 2491 vera
722 2443 751 2488 et
764 2443 931 2507 supernatu-

20 2509 67 2579 dis,
80 2514 129 2570 sed
144 2513 281 2570 naturalis
295 2516 421 2588 quaedam
437 2514 581 2590 acquisita,
603 2513 693 2572 innuis
716 2523 747 2570 et
768 2513 848 2585 falsa,
870 2526 931 2572 orta
961 2563 963 2572 .

20 2595 222 2666 dpersnasione
237 2613 287 2668 seu
302 2596 358 2654 fide
371 2595 501 2654 humana.

40 2673 84 2732 Vl.
98 2679 151 2734 2⁰.
172 2677 244 2752 Spes
269 2677 406 2734 amittitur
427 2698 477 2754 per
500 2687 647 2754 peccatum
672 2675 734 2753 spei
757 2677 928 2754 oppositum,

20 2758 68 2826 prod
81 2770 210 2816 removet
224 2757 365 2834 objectum
377 2759 493 2818 formale
508 2758 577 2834 spei,
588 2755 697 2818 scilicet
711 2778 762 2834 per
775 2759 931 2836 desperati-

20 2849 84 2908 nem,
97 2852 129 2897 et
144 2859 220 2916 saepe
235 2860 285 2915 per
299 2841 555 2917 praesumptionem,
570 2840 606 2899 de
621 2840 721 2915 quibus
735 2840 816 2899 infra.

37 2921 80 2976 3⁰.
93 2922 185 2980 Juxta
200 2921 330 2998 Steyaert
344 2943 407 2998 spes
421 2921 537 2998 deperdi
551 2933 644 2998 potest
664 2921 762 2978 lethali
785 2940 842 2978 non
863 2939 927 2989 usu,

20 3003 102 3078 parido
115 3017 290 3080 praeceptum
305 3004 436 3062 eliciendi
449 3016 542 3062 actum
557 3004 618 3079 spei
637 3003 795 3078 qnempiam
821 3001 928 3076 obliget

20 3081 47 3136 nb
59 3085 179 3154 mortali,
195 3097 224 3142 et
238 3085 309 3148 illud
323 3085 456 3161 negligit;
471 3086 520 3142 sed
532 3085 561 3142 id
572 3105 628 3142 non
640 3085 751 3142 videtur
764 3083 928 3152 subsistere,

20 3161 48 3218 isi
68 3166 251 3242 restringatur
273 3168 311 3224 ad
336 3187 455 3224 crassam
480 3167 695 3241 diuturnamque
716 3164 925 3241 negligentiam,

20 3261 57 3314 pe
69 3247 193 3306 involvat
206 3249 305 3307 motivi
319 3249 441 3306 formalis
455 3247 723 3330 speinbjeetionem.

40 3327 82 3384 An
96 3349 159 3404 spes
171 3330 312 3388 amittitur
324 3331 585 3406 perquodcumque
599 3340 746 3406 peccatum
761 3327 899 3387 mortale?

40 3407 100 3466 VH.
115 3411 152 3468 R.
166 3411 306 3487 Negativa
320 3423 395 3470 certa
409 3424 452 3469 est
466 3425 563 3470 contra
576 3410 781 3475 Quesnellnm:
795 3409 861 3486 quin
875 3431 925 3486 per

20 3491 188 3568 ¹loricamque
202 3505 348 3568 peccatum
364 3494 481 3552 mortale
494 3513 550 3550 non
564 3493 703 3552 amittitur
717 3491 853 3550 motivum
867 3495 924 3550 tor·

20 3570 68 3628 ule
79 3574 146 3649 spei,
160 3595 253 3652 neque
267 3595 333 3652 spes
346 3588 389 3634 est
403 3576 489 3634 virtus
503 3595 612 3634 annexa
624 3573 762 3645 charitati,
782 3593 837 3633 nee
861 3592 924 3632 eum

20 3667 104 3730 *raesnp
139 3657 190 3713 nit.
729 3707 731 3712 ,

41 3675 307 3811 obpplemoarism
318 3750 480 3815 estaperaoe
490 3735 612 3794 salntem
621 3736 681 3792 sine
692 3735 799 3794 meritis
813 3745 843 3793 et
857 3743 921 3792 clim

20 3829 108 3874 watto
120 3821 251 3888 mortali3
270 3821 349 3896 atqui
363 3819 426 3882 talis
440 3831 484 3878 est
497 3837 562 3896 spes
577 3817 750 3896 peccatoris:
772 3835 847 3892 ergo,
869 3815 922 3872 &e

44 3895 72 3953 T
68 3917 92 3954 r·
103 3902 137 3960 de
156 3901 228 3962 Virt.
246 3900 326 4002 Spei.
530 3914 552 3960 Q

1065 3847 1068 3928 l

1054 4007 1088 4014 -ι
