2216 4056
171 129 229 188 loo
415 145 462 188 nn
484 145 686 192 rnaorarmr
708 147 750 189 ππ
771 148 859 202 erne,

166 288 334 408 :symboli
348 290 386 352 ed
399 288 480 370 cuju·
493 290 693 352 authoritatem
706 293 830 371 pertinet
838 291 962 352 πἰπιίίοοτ
970 292 1093 352 πίπτοι-π’

166 377 264 432 ((πετο
278 392 321 442 οε,
336 392 400 450 quta
413 387 480 433 eunt
493 374 571 445 fidei,
595 386 629 433 ut
642 376 678 434 ab
701 375 864 433 omnibus'
856 393 1030 433 inconcueae
1054 375 1090 431 lid

167 459 364 514 “teneantur:
384 453 548 514 lrocantem
568 456 692 534 pertinet
715 457 752 515 ad
776 455 977 515 amboritatm
994 456 1094 516 Snmm

166 535 369 596 ‘’‘Pontifioief
412 535 620 597 Similiahabet
633 537 711 596 iu2.
730 550 803 616 part.
823 550 923 614 quaeat.
941 539 990 596 11.
1010 549 1067 598 art.

207 657 427 777 Hirucapectet,
441 700 517 776 quod
531 699 646 760 dicitS.
660 701 737 816 Ang‘.
751 711 900 780 postquam
914 701 953 758 ab
967 699 1071 758 lunoc.

166 779 370 840 damnauerat
385 779 512 840 Heraeis
526 781 840 858 Pelagium.“llomft
860 781 998 859 rescripta
1024 801 1079 839 ven

167 867 274 932 “runt
288 881 373 921 cauea
392 862 472 922 finita
495 863 563 922 eat·'
565 863 707 922 'cenauit
730 883 798 941 ergo
821 863 944 940 S-Aug.
962 861 1060 940 judici

166 943 314 1004 Pontificio
326 963 389 1002 enee
402 943 615 1003 irreformabile.

207 1025 346 1084 Probatur
369 1025 416 1082 5⁰.
438 1023 456 1084 i
481 1025 648 1104 posteriori:
669 1025 764 1103 plnree
791 1023 913 1084 herenee
939 1045 996 1102 per
1016 1045 1053 1084 eo

166 1105 313 1166 Pontificio
326 1104 525 1166 authoritatem
542 1105 774 1166 oxomensem:
794 1127 871 1184 ergo,
886 1107 939 1165 &a

165 1268 176 1327 ι
207 1187 294 1248 Plura
316 1187 406 1247 videri
430 1202 549 1267 possunt
569 1189 646 1267 apud
660 1187 872 1260 Bellarminum‚
887 1187 1034 1267 Sylvium‚
1049 1187 1083 1246 B'

176 1280 248 1340 ποτε,
263 1270 317 1328 διο.

174 1350 253 1410 Ex
267 1349 311 1410 lrie
324 1361 403 1429 patet
415 1351 517 1410 meritb
530 1351 701 1429 proscriptae
719 1371 781 1410 enee
803 1351 839 1409 ab
854 1313 1028 1408 Alexandro
1040 1349 1083 1408 v1

165 1430 217 1492 hae
244 1431 315 1492 duat
337 1433 565 1510 propoeitioeee·
586 1433 717 1492 “Futilie
740 1444 771 1492 et
794 1431 880 1491 toties
904 1431 1046 1490 convulsa
1065 1452 1094 1490 ee

167 1513 317 1574 ((εοοοτπίπ
330 1515 367 1572 de
382 1514 529 1574 Pontificio
544 1515 667 1574 Romani
691 1534 776 1592 eupra
789 1513 948 1588 Concilium
964 1513 1076 1572 OEenm

166 1600 186 1630 ((
199 1613 295 1654 mcum
305 1593 475 1654 authoritate
476 1597 619 1672 atquem
629 1595 696 1654 fider
705 1595 908 1671 qnaeetrombue
917 1596 1063 1654 deceruen
1084 1593 1090 1607 '

168 1682 186 1711 “
199 1676 425 1746 infallibilitate?
468 1677 570 1736 Altera
592 1689 655 1736 eet:
677 1677 766 1738 “Ubi
790 1677 854 1752 quia
873 1675 1018 1734 nivenen-it
1041 1677 1060 1734 d

162 1764 186 1814 .((
201 1757 304 1816 trinam
317 1757 347 1815 in
362 1757 392 1817 S.
407 1759 485 1836 Aug.
501 1759 577 1818 clare
591 1759 744 1828 fundatam,
756 1757 836 1817 illam
857 1757 989 1816 abeolutb
1010 1777 1051 1835 po

168 1845 187 1873 ‘⁶
201 1851 299 1898 tenere
320 1849 350 1898 et
371 1839 482 1913 docere,
506 1861 564 1900 non
584 1839 760 1918 respiciendo
784 1841 821 1899 nd
843 1839 930 1898 ullam
954 1839 1088 1898 Pontific'

93 1963 98 1966 -
168 1927 187 1958 ((
202 1919 342 1980 Βιτίίετπ.”

175 2035 179 2043 -
209 2001 277 2081 Ob'p
290 2002 317 2061 Ι.
330 2003 465 2062 Pontifex
477 2002 507 2061 in
519 2003 604 2062 rebus
617 2003 685 2062 fidei
698 2016 728 2063 et
745 2023 858 2064 morum
881 2022 975 2062 errare
998 2022 1039 2080 po

168 2085 193 2142 ei
206 2105 263 2143 non
277 2083 408 2145 adhibeat
420 2085 604 2144 necessariam
619 2085 792 2164 diligentiam
804 2107 813 2155 ;
835 2085 913 2161 atqui
936 2097 1086 2162 potestne

166 2165 301 2226 adbibere
313 2167 498 2226 neoeeeariam
512 2165 708 2244 diligentiamt
725 2187 792 2244 ergo
804 2179 899 2244 poteet
920 2185 1025 2224 errare.

209 2247 247 2306 R.
267 2247 350 2306 Idem
363 2259 560 2326 argumentum
580 2248 696 2308 formari
710 2259 805 2327 potent
828 2259 929 2306 contra
947 2246 1091 2306 infallibili

166 2338 261 2387 tatem
269 2329 391 2388 concilii
403 2329 549 2407 generalis,
560 2330 637 2406 qnod
647 2329 752 2400 tamen,
763 2329 916 2388 fatentibus
927 2330 1001 2388 adue
1060 2329 1077 2341 ''

167 2427 223 2550 ppo
236 2409 436 2470 concluderet:
455 2430 523 2488 ergo
536 2430 591 2470 neo
604 2411 749 2471 concludit
762 2422 859 2470 contra
872 2410 1102 2482 infallibilitatem

192 2491 324 2550 ontificis.

207 2571 339 2632 Dicimus
353 2573 457 2650 itaque,
467 2573 645 2644 Pontificem,
656 2573 732 2633 eicut
745 2584 775 2632 et
784 2573 946 2634 Concilium
961 2572 1102 2650 generale,

166 2651 308 2712 adhibere
330 2656 433 2714 debere
460 2656 646 2714 neceesarium
674 2655 859 2732 diligentiam,
889 2666 922 2712 ut
948 2656 1059 2731 pruden

166 2737 330 2812 procedant,
344 2736 394 2795 aed
408 2749 503 2795 πεπτοπ
516 2757 570 2796 nec
584 2735 740 2806 Pontificio,
755 2757 808 2796 neo
822 2736 946 2796 concili
970 2735 1102 2794 infallibi-

165 2817 273 2876 litatem
286 2817 409 2894 pendere
423 2819 463 2876 ab·
472 2818 522 2876 illa
535 2819 706 2888 conditione.
728 2818 789 2878 “Si
810 2817 973 2896 prudenter.
988 2837 1102 2894 procee-

165 2903 183 2933 “
197 2897 286 2958 nerim
296 2897 321 2957 θ’
335 2899 438 2957 merito
451 2899 563 2958 interim
576 2899 754 2978 supponitur,
768 2919 881 2957 omnem
896 2899 925 2956 in
939 2898 1101 2957 deliniendo

166 2979 340 3056 diligentiam
355 2979 507 3038 adhibitam
522 2981 618 3039 fnisse.
659 2980 732 3038 Vrde
748 2980 786 3038 N.
800 2983 851 3038 82.
864 2981 940 3038 circa
953 2980 1050 3038 finem

207 3059 274 3140 Obj.
287 3060 329 3120 11.
343 3060 422 3138 Ergo
434 3061 546 3126 inutilia
559 3074 626 3120 eunt
639 3062 767 3121 Concilia
784 3062 944 3138 generalia:
966 3063 1102 3139 probatur

165 3161 278 3220 conseq.
291 3142 358 3220 quia
373 3143 513 3212 Pontifex,
527 3143 591 3202 eim
606 3144 644 3201 nit
657 3142 820 3212 infallibilis,
834 3155 929 3220 potent
952 3162 1006 3219 per
1027 3143 1086 3219 eeip

166 3241 335 3283 mtmomnee
342 3224 410 3283 fidei
420 3236 450 3284 et
459 3243 568 3282 morum
578 3224 781 3284 controversiae
790 3223 1101 3302 irreformabilijndicio

166 3303 292 3364 definire.

208 3383 243 3443 R.
264 3385 338 3462 Nep.
358 3386 522 3464 sequelam.
542 3387 577 3445 ad
602 3386 795 3463 probationem
819 3387 986 3455 dicendum,
1014 3385 1104 3462 qndd,
1103 3415 1104 3448 t

164 3466 291 3538 quamvis
302 3466 434 3526 Pontifex
447 3467 484 3526 ait
497 3468 653 3526 infallibilia
663 3489 719 3526 πππ
733 3483 828 3526 tamen
839 3469 942 3526 debeat
955 3451 1104 3574 negligerel

163 3544 258 3603 media
278 3543 399 3606 hnmana
421 3560 451 3606 et
475 3549 621 3618 ordinaria,
644 3549 777 3625 quibne'
769 3569 799 3608 rn
823 3549 959 3618 veritatis,
983 3550 1019 3608 de
1045 3543 1104 3624 qual

164 3624 266 3700 agitur,
277 3625 405 3685 notitiam
416 3629 548 3688 devenire
561 3642 675 3726 potest.
687 3631 810 3689 medinm
822 3642 918 3689 nutem
929 3629 1104 3690 ordinariuml

164 3715 208 3762 eet
222 3704 382 3764 Concilium
396 3707 486 3786 majus
499 3722 549 3768 aut
562 3711 664 3780 minue,
679 3723 763 3787 prout
776 3712 817 3769 rei
830 3712 952 3788 gravitas
961 3710 1104 3787 poemlatt

204 3785 337 3856 Accedit,
348 3787 423 3862 qubd
436 3790 587 3866 aliqnando
605 3811 697 3868 neque
710 3791 825 3852 heresis
848 3792 1002 3852 efficaciter
1021 3791 1094 3850 refu·

162 3865 226 3942 tari,
240 3881 332 3945 neque
346 3865 412 3928 fidei
425 3881 475 3929 ant
484 3891 594 3932 morum
608 3873 740 3951 dogmata
750 3873 950 3934 convenienter
963 3873 1104 3934 determi
