2228 4076
182 179 243 238 260
558 183 753 242 rnncrsnntr

182 339 297 399 sublatis
311 337 380 400 loeis
395 343 541 438 suspectis,
556 343 674 402 subinde
696 343 780 402 etiem
805 341 884 400 nullu
904 341 1096 408 adhibitieor

182 424 316 518 rectione,
331 426 539 500 permittuntur,
561 427 609 502 qui
623 426 654 483 in
667 425 760 484 indice
775 425 896 484 Consilii
912 427 993 485 Trid.
1014 429 1102 506 simpli

182 505 252 562 citor
265 507 516 582 proscribebantur.

222 586 423 644 Verumtamen
437 599 563 664 quartam
576 589 701 666 regulum
715 589 815 646 inrlicis
828 588 949 648 Consilii
961 587 1043 650 Trid.
1056 611 1104 668 que

182 681 225 724 est
239 669 275 726 (le
291 669 412 727 lectione
429 671 581 748 Scripturae
597 671 626 728 S.
651 671 680 728 iu
702 671 798 746 lingua
818 671 935 746 vulgari,
961 669 1012 730 lulc
1035 676 1103 730 etiam

181 761 323 826 receptam
339 771 408 819 esse,
428 763 507 828 patet
528 771 565 808 ex
589 752 704 830 Synotlo
726 752 893 810 Dioeoesane
916 753 1104 811 Mecbliniensi

182 833 226 888 tit.
246 833 269 888 l.
284 851 345 908 cap.
360 837 387 888 8.
401 833 533 909 idemque
547 836 679 912 supponit
693 833 722 890 in
736 834 821 910 priori
842 853 892 891 sue
912 835 1037 910 epistole
1057 856 1113 912 ΞιιιΞ

181 913 263 969 torali
280 913 405 970 Numero
422 916 449 971 2.
464 913 727 992 Archi-Episcopus
744 915 929 974 Humbertus.
1112 967 1113 976 ,

222 994 368 1069 Quidquid
383 997 428 1065 sit,
444 1009 553 1054 constat
567 997 706 1072 equidem,
728 998 764 1054 de
779 997 853 1054 lacto
875 997 903 1053 in
923 997 1020 1068 vuriis,
1036 999 1113 1063 indicii

182 1073 358 1145 Tridtmtino,
375 1091 403 1136 ot
417 1076 520 1154 regulis
535 1078 650 1149 Iudicis,
665 1079 765 1136 saltem
776 1097 826 1154 per
839 1098 921 1136 usum
936 1082 1113 1148 contr-arium

142 1217 144 1225 ,
182 1176 245 1214 esse
260 1157 346 1213 deror
328 1173 433 1234 {Mutum

211 1237 257 1296 ln
280 1238 331 1297 liae
356 1255 421 1298 cont
423 1239 544 1298 reversis
567 1239 736 1300 Confessorii
761 1239 883 1298 timorati
905 1243 1113 1320 responsionem

181 1319 429 1386 affirmativamt
397 1344 417 1378 u
419 1325 496 1398 tpote
511 1324 652 1390 tutiorem,
674 1323 702 1379 in
718 1322 796 1399 praxi
818 1337 983 1398 sequuntur,
1008 1323 1113 1390 seclusi

181 1402 337 1477 ignoruntii
352 1418 400 1462 eut
414 1402 468 1461 elii
483 1404 566 1462 oausi
582 1402 598 1462 Ξ
612 1408 728 1462 censure
742 1417 904 1462 excusante

204 1642 240 1702 N.
261 1647 290 1703 7.
330 1647 388 1705 DE
410 1647 613 1707 TEMPORE
636 1645 937 1707 OBLIGATIONIS
963 1647 1091 1708 LEGIS.
1112 1609 1113 1639 Ξ

182 1812 204 1872 1.
227 1810 290 1870 Lm
309 1819 423 1869 nature
436 1809 662 1886 obliqntstutim.
704 1811 744 1870 Il.
765 1809 899 1870 Positiee
924 1820 1050 1890 tempore
1071 1831 1109 1869 ur·

261 1955 265 1968 ι
337 1911 447 1969 presso,
489 1891 661 1950 111.Aot‹t
674 1893 747 1970 jure
761 1894 954 1950 determinato.

223 2054 400 2122 QUANTO
429 2066 555 2132 tempore
583 2067 647 2132 post
674 2055 804 2133 promulg
787 2055 927 2112 ontionem
950 2055 1052 2133 incipit
1071 2041 1113 2118 lex}

183 2138 330 2214 obligare?

223 2221 247 2276 Ι
263 2219 298 2276 ll.
310 2219 456 2282 Quantum
468 2227 513 2274 est
527 2235 562 2274 ex
577 2229 676 2274 natura
697 2218 747 2284 rei,
772 2218 849 2293 leges
875 2215 1000 2310 obligent
1022 2219 1113 2276 statim

181 2299 444 2378 postsufficieutem
459 2299 739 2375 promulgationernl
737 2314 845 2364 somam
859 2319 900 2355 ste
911 2300 957 2356 lex
970 2315 1113 2362 reternuet

181 2381 315 2440 naturalis
329 2381 423 2437 stetim
438 2393 467 2438 et
481 2399 592 2456 sernper
606 2381 682 2437 obtin
664 2393 711 2456 get
733 2393 808 2438 creat
809 2399 887 2437 uram
913 2379 1107 2440 rationalem
1096 2401 1113 2468 Ξ

181 2465 272 2541 primo
287 2463 434 2520 erectionis
449 2462 572 2518 instent-i.

223 2546 263 2603 ll.
279 2545 313 2602 ln
324 2544 432 2619 legibus
446 2543 579 2622 positivis
586 2555 680 2640 potest
693 2543 820 2601 occidere
845 2542 971 2611 venatio,
997 2545 1055 2602 sire
1080 2519 1113 2624 erl

182 2627 327 2683 voluntate
337 2625 562 2700 Legisletorr'us
541 2644 599 2680 sive
609 2643 643 2681 ex
653 2623 717 2701 jure
729 2637 778 2682 aut
789 2625 1002 2683 consuetudine.
1038 2625 1110 2682 Hinc

181 2707 385 2783 respiciendum
401 2718 445 2762 est
455 2719 566 2802 tempus
580 2727 631 2782 per
639 2706 842 2782 Legislatorem
857 2725 1036 2782 expressum
1052 2707 1095 2782 qn*

182 2803 249 2846 tunc
264 2789 309 2846 lex
325 2787 470 2862 obligare
462 2788 584 2864 incipit'
607 2813 613 2822 ι

223 2871 278 2928 Ill.
308 2869 338 2927 Sl
362 2885 456 2925 autem
481 2869 642 2946 Legislutor
665 2867 776 2925 nullum
804 2879 916 2946 tempus
939 2871 1110 2964 expresserit

181 2965 242 3010 tum
253 2951 335 3029 juxta
356 2971 534 3008 ‹ommunenr
548 2950 713 3006 sententium
729 2949 806 3026 leges
821 2949 1022 3026 lmpemtoriae,
1048 2951 1111 3006 item

182 3035 258 3110 leges
285 3033 448 3112 Regnorum
484 3044 514 3088 et
542 3031 760 3099 Prouinciamm,
798 3051 860 3106 quae
887 3030 958 3088 Jure
987 3031 1093 3090 cesari

181 3127 307 3184 utuntur,
323 3114 399 3188 oblig
383 3127 448 3169 varst
461 3113 555 3172 solum
569 3126 633 3189 post
657 3113 727 3169 ‹luos
751 3131 861 3170 menses
885 3109 903 3168 Ξι
927 3111 973 3170 tlie
994 3113 1102 3190 promul

183 3197 302 3288 gationis
316 3195 430 3252 faotae'
423 3213 452 3251 tn
475 3193 523 3251 ills
538 3193 694 3253 Provincia.
735 3193 781 3251 lta
805 3193 903 3252 statuit
923 3193 1044 3252 Novella
1065 3195 1104 3250 66

184 3297 407 3418 fflpChristinaeus
432 3367 536 3424 tenter,
561 3355 691 3426 vinnius,
720 3355 772 3414 bn.
796 3355 946 3413 Nouellum
970 3356 1046 3414 illurn
1073 3357 1099 3412 si

172 3440 334 3516 explicent,
349 3453 380 3496 ut
394 3438 483 3515 prosit
494 3437 547 3496 hoc
560 3438 681 3514 spatium
692 3438 728 3494 ud
737 3437 934 3512 allegationem
942 3437 1077 3514 ignorent'

183 3539 272 3618 euque
285 3520 396 3578 interim
409 3533 603 3614 praesumutur3
617 3539 674 3576 non
689 3520 756 3577 verb
770 3519 849 3614 quasi
872 3519 920 3576 lex
941 3519 1067 3614 promul?

184 3600 267 3659 eititls
281 3620 337 3657 non
351 3601 488 3674 obligaret
502 3621 576 3670 euru,
591 3601 621 3657 in
634 3599 716 3676 cujus
730 3600 859 3659 notitiam
873 3613 939 3658 ante
952 3601 1088 3678 pervenit.

224 3681 317 3756 Leges
341 3679 507 3778 Pontificius,
533 3681 725 3772 Episcopnles,
748 3695 777 3741 et
799 3682 911 3740 illorum
938 3682 1051 3760 Regum
1070 3697 1106 3738 re

184 3761 412 3855 Megistrptuurm
438 3763 487 3838 qui
509 3763 632 3858 Imperio
654 3783 711 3821 non
738 3775 805 3822 sunt
830 3763 960 3840 subjecti,
987 3763 1069 3822 virleu

184 3840 310 3900 lraerere
303 3853 375 3898 intro
393 3844 529 3903 terminos
545 3844 617 3924 juris
638 3855 757 3922 nutus,
776 3845 831 3906 nisi
847 3843 906 3926 jus,
932 3844 1113 3978 cousuetudop'

185 3924 237 3981 &o
250 3922 327 3981 uliud
340 3923 496 3982 missine.
