2248 4070
401 131 443 172 uu
464 131 610 176 ursinus.
916 120 975 178 351

38 273 78 334 ιι.
94 278 146 335 ev.
165 257 225 336 ns
237 276 707 338 ursennsnrronannrs
721 278 815 338 sins
828 281 978 344 cnusn.

37 438 62 497 1.
81 437 157 498 Sine
169 459 259 499 causo
273 441 442 517 dispensam
451 449 562 516 peceat.
603 439 644 498 ΙΙ.
664 439 802 500 Graviter
812 444 845 500 in
856 449 978 508 materia

140 523 238 601 gaavi.
279 523 336 580 Ill.
362 522 505 594 Qaaenam
519 519 566 578 tte
579 524 621 580 eit
633 525 754 580 materia
766 527 877 598 praeit.

81 681 144 740 AN
158 695 258 759 peccat
272 683 399 760 superior
413 683 575 761 dispensans
589 684 649 741 sins
666 687 772 746 causa?

81 764 106 822 Ι.
122 764 160 822 R.
176 764 362 833 Affirmative,
387 766 522 860 quianon
547 777 590 822 est
604 765 696 822 fidelis
720 779 750 824 et
773 768 896 843 pmdens
920 772 978 831 dis·

36 859 183 922 pensator,
200 845 310 921 qualem
325 847 441 922 requirit
457 845 585 906 Christus
600 847 743 904 Dominus
753 847 842 906 Lucas
856 855 978 929 eap.12.
1005 905 1010 913 .

37 927 89 983 2⁰.
104 927 182 993 Quia
195 927 320 1002 abutitur
333 939 474 1003 potestate
488 928 541 985 sibi
562 927 657 985 dati'
650 947 678 984 ιιι
703 929 928 1004 aedificationem,
948 948 979 994 et

37 1026 103 1064 eam
119 1008 258 1066 convertit
273 1007 301 1065 in
316 1009 555 1076 destructionem
568 1009 645 1066 uude
661 1008 690 1067 S
706 1011 865 1070 Bernardus
886 1014 934 1072 lib.
949 1017 978 1075 S.

38 1090 110 1146 “de
127 1089 376 1148 Consideratioue”
390 1091 426 1147 ad
442 1053 600 1166 Eugenium
618 1090 675 1148 ΙΙΙ.
667 1110 750 1168 .eap.
765 1093 793 1150 d.
809 1105 891 1152 vocat
915 1114 977 1155 eam

36 1170 184 1228 crudelem
206 1169 426 1246 dissipationem.

79 1253 132 1308 3⁰.
146 1251 223 1315 Quia
233 1252 383 1309 eximendo
397 1272 462 1309 eum
476 1254 511 1310 ab
522 1271 607 1310 onere
621 1254 764 1310 communi
765 1255 833 1330 ‚qui
846 1275 904 1315 uon
917 1273 978 1318 erat

37 1331 217 1402 eximendus,
232 1333 384 1391 committit
398 1333 496 1390 vitium
511 1334 682 1409 acceptionis
703 1355 893 1411 personarum.

79 1414 121 1472 II.
137 1413 290 1472 Existimat
316 1413 439 1491 Sylvius,
464 1415 548 1472 talem
573 1416 608 1472 de
632 1435 663 1473 se
681 1435 798 1492 peccare
820 1419 978 1488 mortaliter

37 1508 138 1553 contra
147 1494 287 1572 justitiam
302 1495 421 1572 legalem
437 1507 466 1553 et
480 1497 694 1566 distributivam,
709 1516 742 1554 ac
761 1510 858 1557 eontra
871 1501 977 1562 bonum

37 1596 201 1646 commune,
225 1577 324 1633 dum'
317 1597 346 1633 m
370 1577 486 1635 materia
513 1577 591 1653 gravi
618 1578 678 1635 sine
706 1597 790 1637 causa
817 1581 981 1658 dispensam

36 1658 144 1714 etenim
161 1658 296 1733 sequitur,
311 1669 360 1715 aut
374 1657 473 1716 saltem
487 1670 553 1716 nata
575 1669 618 1716 est
642 1659 723 1734 sequi
731 1659 834 1742 gravis
859 1663 976 1723 offensio

35 1739 185 1796 fidelium.
208 1741 272 1797 edm
286 1739 369 1797 facile
383 1740 436 1796 sibi
458 1740 575 1814 quisque
597 1739 683 1798 licere
703 1735 878 1817 persuadeat,
900 1747 977 1822 quod

35 1819 110 1889 aliis,
125 1839 197 1896 quos
211 1821 272 1878 sine
286 1839 370 1886 causa
383 1822 418 1878 ab
429 1839 514 1879 onere
525 1821 596 1896 legis
606 1821 715 1879 solutos
725 1823 811 1880 videt.
843 1826 976 1898 Accedit,

35 1901 277 1978 dispensationem
292 1901 375 1958 unius
389 1903 492 1979 saepius
506 1903 693 1960 redundare'
685 1921 714 1960 m
734 1923 884 1980 gravamen
907 1908 977 1967 alio·

34 2003 111 2052 rum,
125 1993 159 2040 ut
172 1983 201 2040 iu
216 1983 325 2059 legibus
339 1983 500 2042 tributariis.

77 2063 160 2122 Hinc
174 2063 258 2122 infert
272 2063 375 2134 Collet,
390 2084 464 2134 eum,
479 2065 527 2142 qui
548 2065 783 2145 dispensationem
808 2067 869 2126 sine
891 2087 976 2129 causa

35 2145 157 2203 datam
150 2165 206 2202 non
220 2156 334 2204 revocat
347 2147 441 2220 quoad
455 2167 537 2203 usum
559 2148 694 2218 futurum,
719 2147 827 2205 tamdiu
847 2167 974 2226 peccate,

35 2225 175 2304 quamdiu
188 2246 245 2285 uon
259 2239 381 2298 revocat,
396 2227 470 2286 sicut
484 2229 529 2284 fur
541 2241 651 2305 peceat,
673 2229 807 2305 quamdiu
827 2231 975 2291 restituere

35 2307 167 2385 negligit.

80 2387 211 2448 Sanehez
234 2399 324 2466 putat,
353 2388 564 2467 Superiorem
555 2410 585 2447 m
609 2391 722 2468 propria
741 2391 839 2468 lege
817 2411 975 2454 stnacausa
1091 2425 1096 2432 ·

36 2471 249 2548 dispensantem
263 2471 372 2528 tantem
386 2491 505 2548 peccare
520 2471 683 2530 venialitert
705 2473 781 2547 quod
795 2491 891 2530 verum
913 2489 975 2534 esse

35 2564 135 2628 potest
149 2553 176 2610 in
192 2573 267 2622 casu,
282 2573 318 2610 ex
332 2573 388 2628 quo
402 2573 458 2610 non
472 2553 598 2629 sequitur
612 2553 773 2612 scandalum
788 2565 837 2610 aut
850 2555 975 2614 notabile

36 2644 189 2710 gavamen
213 2633 341 2705 aliorum,
366 2635 416 2691 sed
440 2634 489 2690 ubi
513 2646 682 2711 potestatem
702 2653 782 2693 suam
796 2635 975 2695 solummodo

36 2715 171 2792 prodigit.

81 2795 113 2854 Si
128 2796 245 2854 materia
259 2796 296 2854 sit
309 2795 388 2864 levis,
400 2795 428 2852 in
443 2815 498 2872 qua
511 2796 572 2853 sina
586 2815 670 2854 eausa
683 2795 869 2873 dispensatur,
883 2818 934 2876 per
943 2819 974 2859 se

37 2877 182 2954 loquendo
196 2879 381 2935 committitur
394 2879 505 2936 tantiam
519 2890 665 2954 peccatum
681 2877 798 2936 veniale.

79 2961 220 3024 Quaeuam
236 2959 353 3016 materia
366 2957 412 3016 hle
425 2971 572 3034 reputatur
586 2959 685 3034 gravis,
700 2978 763 3034 quae
778 2959 873 3018 levis?
920 2981 922 2990 ·

78 3040 136 3099 111.
146 3039 183 3098 R.
195 3038 307 3135 Sylvius
321 3040 485 3116 gravitatem
496 3041 543 3098 vel
553 3039 696 3098 levitatem
711 3041 836 3098 materia
847 3053 976 3119 repetere

37 3122 152 3179 videtur
180 3141 216 3178 ex
243 3121 321 3196 gravi
350 3121 392 3179 vel
422 3121 477 3177 levi
504 3119 691 3198 prohibitione
726 3121 796 3196 legis
826 3121 974 3181 humente.

37 3203 181 3278 Peringub
196 3215 224 3260 et
234 3202 354 3259 Billuart
367 3222 429 3260 eam
443 3203 594 3258 desumunt
605 3199 622 3259 b
635 3221 712 3278 gravi
703 3202 771 3260 vel
784 3203 841 3261 levi
854 3204 975 3282 mrpitu·
1080 3249 1084 3256 .

37 3285 104 3342 diue
119 3281 301 3360 proveniente
315 3303 352 3340 ex
359 3303 421 3340 non
432 3283 627 3340 conformitate
640 3284 847 3342 mombromm
839 3303 868 3342 m
879 3286 975 3344 obser·

37 3365 135 3424 vantia
148 3365 236 3442 legis·
257 3365 327 3422 adeo
341 3377 374 3422 ut
388 3364 492 3441 passim
506 3361 614 3422 tantirm
629 3364 729 3422 leviter
742 3377 841 3442 pectet
861 3365 975 3443 dispen-

36 3467 101 3504 sans
117 3446 177 3504 sine
192 3465 276 3503 causa
299 3446 329 3502 in
352 3446 416 3522 lege
430 3447 482 3504 sub
507 3445 584 3522 gravi
608 3445 803 3522 obligante,
781 3465 805 3504 st
830 3447 895 3506 iude
917 3452 963 3506 dor

37 3528 145 3586 oriatur
159 3527 250 3604 gravis
264 3527 430 3585 difformitas
444 3527 517 3584 inter
530 3528 656 3585 membra
676 3528 894 3587 communitatis.

78 3608 160 3666 Hine
169 3609 301 3676 deduces,
310 3629 385 3677 eum,
396 3609 444 3684 qui
455 3609 691 3685 dispensationem
700 3609 773 3686 petit
781 3610 841 3668 sine
849 3609 947 3686 legitin

37 3709 132 3758 causa,
149 3689 330 3748 conformiter
343 3691 379 3747 ad
393 3689 527 3766 predicta
540 3690 662 3766 graviter
675 3691 719 3748 vel
730 3691 831 3749 leviter
841 3709 948 3770 peccare

37 3772 105 3846 qnia
117 3771 242 3848 petendo
255 3770 365 3828 inducit
378 3771 551 3848 superiorem
566 3773 602 3830 ad
616 3771 672 3830 tale
697 3784 855 3850 peceatum.
900 3772 948 3830 Iter

35 3854 84 3911 ubi
100 3853 176 3911 ultro
191 3851 312 3910 oblatam
328 3864 464 3932 acceptat,
478 3866 578 3932 peccat
592 3853 794 3912 consentiendo
805 3879 808 3886 Δ
818 3866 848 3913 et
863 3872 956 3934 ‘eoopt
