2188 4052
316 91 364 154 xnn
382 91 529 134 wannoc
550 91 628 132 sent.
648 129 652 148 ,
883 76 919 132 1¹1
925 75 937 135 l

16 257 46 296 nn
59 235 167 296 scilicet
181 255 292 314 sperans
306 237 457 296 moriturus
470 238 508 296 sit
521 237 549 295 in
568 234 689 314 justitia,
705 255 785 296 cont.
799 233 865 314 maj.
877 256 943 294 nam

16 333 43 376 nt
54 319 160 376 dictum
178 331 228 388 est,
239 338 303 376 com
318 339 368 396 spe
382 331 438 377 stat
451 319 534 376 simul
549 320 633 376 timor
634 339 734 395 ,quem
745 317 830 376 homo
841 319 942 382 meriti

16 399 129 476 concipit
144 400 349 458 considerando
363 401 543 477 fragilitatem
557 413 586 458 et
599 401 808 459 instabilitatem
824 420 913 458 suant.

49 480 112 558 Obj.
141 481 186 538 ΙΙ.
213 481 311 558 Multi,
335 483 383 558 qui
407 502 486 558 spem
509 481 622 551 hahent,
650 483 798 540 damnatur
824 493 942 560 postea.

14 582 72 637 crgo
85 582 150 638 spes
165 583 222 619 non
237 561 321 621 habet
335 563 543 622 certitudinem.

48 644 82 700 R.
105 643 193 702 Cum.
209 644 238 702 S.
253 643 355 704 Thom.
368 644 480 704 bicant-
494 647 523 702 4.
537 646 617 704 ada.
631 665 695 721 neg.
709 663 823 721 conseq.
837 645 942 720 qniaid

14 724 142 800 contingit
156 745 193 782 ex
208 726 322 784 defectu
335 726 417 784 liberi
431 726 547 796 arbitrii,
568 746 623 784 non
647 746 681 784 ex
705 727 819 784 defectu
840 727 942 784 divinae

13 805 216 874 inisericordiae,
231 808 275 864 vel
290 808 419 877 aliorum,
433 808 533 884 quibu·
547 828 611 884 spes
624 807 761 866 innititur.

47 885 108 962 Obj.
120 887 180 946 111.
191 888 355 948 Secundum
367 889 445 946 Trid.
458 889 536 947 Sees.
547 892 576 946 6.
591 910 652 966 cap.
666 891 711 948 13.
721 891 749 946 in
764 888 870 948 auxilio
885 889 943 955 Dei

13 969 192 1026 firmissimam
207 990 285 1046 spem
295 970 439 1030 collocare
449 981 478 1030 et
487 991 624 1048 reponere
635 972 788 1038 debemus:
801 991 868 1047 ergo
879 991 943 1048 spes

14 1069 115 1110 omnino
130 1063 212 1108 certa
226 1064 278 1110 est.

45 1133 79 1189 R.
90 1131 165 1208 Spes
180 1133 295 1191 omnino
306 1144 383 1192 certa
395 1143 439 1192 est
453 1131 589 1208 qnantdm
604 1135 639 1192 ad
653 1133 804 1211 objectum,
815 1147 845 1192 et
855 1153 941 1209 quan·

12 1215 60 1274 ‘um
71 1214 110 1270 ad
124 1233 170 1282 ea,
186 1215 288 1289 quibus
302 1235 367 1292 spes
388 1215 532 1273 innititur:
554 1217 718 1294 adjunctum
742 1228 837 1275 tamen
859 1214 943 1272 habet

15 1295 140 1362 timorem,
156 1297 293 1370 quantum
308 1298 344 1354 ad
359 1308 501 1366 eventum,
516 1308 545 1354 et
558 1318 601 1368 ea,
616 1318 679 1374 quur
703 1297 882 1374 requiruntur
906 1317 943 1360 ex

12 1389 78 1466 ‚lm
97 1388 208 1434 nostra.

12 1471 19 1508 Ι’

177 1535 222 1608 Ν.
247 1542 314 1600 104.
355 1539 413 1600 nn
436 1539 555 1600 nouo
577 1541 763 1612 unrocus,
866 1513 868 1520 '

12 1717 14 1756 ¹
261 1702 300 1766 S·
320 1702 621 1782 muneque.
639 1706 686 1764 19.

12 1863 230 1944 temporat
242 1867 339 1927 duceri
377 1867 418 1925 ΙΙ.
438 1866 855 1952 Obmulumpoeuaeetcuipae.
885 1867 941 1924 ΙΙΙ.

12 1946 144 2006 Timor
154 1949 302 2007 dividitor
346 1949 400 2006 IV.
414 1947 454 2006 In
468 1950 659 2018 mundanum,
670 1937 799 2006 seruilem
800 1947 941 2024 ‚filialem

13 2030 239 2087 diurnalem.
281 2029 318 2088 V.
332 2029 513 2088 Mundamuc
527 2031 702 2108 quandoque
715 2040 756 2087 est
775 2029 938 2091 distinctum

13 2121 197 2184 peccatum.
243 2111 297 2169 VI.
322 2111 547 2189 Trmorflt'ulis.
589 2111 939 2249 VI1.Servtlis.vl1Xt‚

43 2191 179 2250 initialis.
223 2193 278 2251 IX.
305 2191 428 2252 Filialia
455 2192 557 2270 Specie
578 2192 720 2272 differt
703 2215 722 2250 a
744 2192 850 2250 servili.
903 2193 940 2249 X.

13 2271 104 2330 Non
118 2283 221 2331 tumen
245 2273 281 2331 ab
303 2274 423 2332 initiali.
464 2275 518 2332 Xl.
545 2274 621 2332 Oura
643 2274 783 2332 charitate
808 2283 939 2350 cupetur.

13 2353 104 2412 Xll.
128 2353 302 2418 Secundum
313 2365 412 2414 actum
420 2355 626 2434 principalem.

44 2517 96 2574 AN
110 2518 200 2576 Dens
213 2529 309 2596 potest
322 2519 438 2577 timeri?

44 2597 63 2654 l.
81 2599 117 2656 R.
133 2600 223 2659 Cum.
247 2601 277 2660 S.
292 2600 393 2658 Thom.
419 2611 471 2660 art.
500 2602 527 2658 Ι.
548 2600 721 2670 affirmativis,
745 2619 803 2656 non
820 2600 940 2674 ‘quidem

18 2691 127 2754 unquam
142 2682 263 2758 aliquod
279 2683 394 2752 malum,
408 2683 458 2743 sed
474 2693 605 2758 tanquam
619 2682 705 2758 inquo
720 2682 824 2740 malum
848 2681 939 2738 immi·

14 2775 59 2814 net.
160 2797 175 2808 -

15 2865 16 2880 ¹
46 2842 79 2900 ll.
95 2843 188 2901 Ροιτὸ
203 2841 259 2902 hoc
274 2845 376 2904 malurn
391 2845 497 2924 duplex
509 2857 563 2912 est,
586 2845 689 2902 malurn
715 2845 806 2921 culpae
829 2844 939 2900 scilicet

15 2933 38 2976 nt
48 2924 145 2980 malum
156 2945 261 3001 poeuae.
282 2927 427 2984 Posterius
437 2929 472 2985 ab
484 2927 544 3003 ipso
553 2927 619 2984 Deo
629 2939 662 2984 nt
672 2926 789 2984 authore
799 2926 937 3002 provenit,

15 3015 95 3080 uuae
109 3007 206 3062 solum
222 3008 325 3066 malum
341 3009 497 3068 secundum
512 3008 589 3085 quid,
604 3006 769 3083 inquantum
788 3006 879 3083 privat
889 3021 938 3064 ont

20 3087 74 3143 tollit
87 3087 206 3162 aliquod
221 3089 388 3164 particulare
402 3092 526 3156 bonum;
547 3091 654 3148 sedent
677 3091 780 3146 bonum
804 3088 938 3164 simplici-

15 3175 56 3234 ter,
74 3169 165 3244 inquit
182 3169 212 3227 S.
229 3169 331 3234 Thom.
346 3172 428 3230 aude
444 3191 478 3229 eo
492 3171 596 3228 dicitur
612 3176 702 3228 Amos
716 3190 777 3248 cap.
802 3171 829 3226 3.
852 3169 889 3226 V.
910 3173 938 3226 6.

16 3250 59 3304 ·“si
70 3250 120 3314 erit
135 3251 246 3310 malurn
260 3252 290 3309 in
304 3252 427 3320 civitate,
443 3253 518 3328 quod
533 3251 674 3310 Dominus
687 3271 742 3308 non
758 3250 883 3308 fecerit.”

16 3345 18 3366 l
51 3331 176 3388 Alterum
191 3345 314 3392 nonest
338 3336 372 3392 ab
397 3335 467 3410 ipso,
489 3345 522 3390 ut
546 3333 630 3411 culpa
651 3345 703 3400 est,
728 3333 777 3390 sed
802 3335 940 3408 quatenus

26 3411 104 3486 aliquid
118 3412 136 3470 ia
150 3415 239 3491 culpa
252 3415 401 3485 diversum,
416 3417 506 3491 eique
519 3414 658 3492 posterius
673 3416 717 3494 (et
732 3427 847 3472 vocatur
861 3434 941 3490 sepa-

26 3496 75 3549 ratio
86 3495 190 3561 iDeo,
206 3495 312 3554 offensa
322 3496 398 3554 illius
407 3510 435 3556 st
446 3493 501 3573 ira)
516 3496 557 3554 sic
571 3497 605 3553 ab
619 3496 680 3573 ipso
695 3515 814 3571 qnoque,
826 3496 939 3552 tametsi

16 3573 153 3652 'inproprie
169 3576 259 3653 infligi
273 3578 480 3636 consideratur:
501 3578 582 3636 Deus
603 3577 696 3652 itaque
719 3577 811 3634 timeri
835 3589 938 3652 potest,
997 3593 1003 3610 ‘

30 3656 138 3728 qutcntis
154 3659 200 3716 vel
216 3657 331 3716 timetur
344 3679 426 3736 poena
439 3661 474 3718 ab
496 3660 558 3735 ipso
581 3657 688 3729 offensp
712 3657 871 3734 infligenda,
893 3658 935 3715 vel

31 3740 136 3808 paeonis
151 3739 214 3817 ipsa
228 3740 344 3798 timetur
358 3739 464 3800 offensa
477 3741 580 3809 divina,
596 3759 678 3815 quam
694 3739 777 3814 culpa
791 3738 883 3796 infert.
