2216 4056
124 139 133 160 ,
158 85 222 147 'lat
408 105 454 147 ιιι
475 103 678 149 reserarunt
699 103 741 148 na
762 105 849 160 riou,

156 249 298 318 Molitus,
311 261 342 308 et
354 250 535 312 rnnousntius
549 250 634 312 xlii.
648 262 745 310 conus
768 249 881 322 librum,
904 251 950 311 otri
970 245 1094 309 titulus:

98 374 101 384 .
157 332 398 390 “Maximesdes
414 332 533 392 Saints.”

119 432 128 444 ‘
202 411 268 490 Obj.
293 415 348 472 III.
369 414 436 472 Nou
455 425 609 492 potuemnt
630 414 756 472 damnari
780 415 984 492 propositiones
1007 413 1093 472 exS.

160 495 332 572 Augustino,
359 495 466 562 Leone,
496 495 642 572 Prospero,
671 499 724 554 Sec.
747 497 868 554 fideliter
888 508 1094 572 transumptse;

158 578 237 654 atqui
252 577 321 636 tales
336 578 432 640 multae
446 577 636 678 damnaturis
651 577 763 637 Bulla‘
766 577 992 655 ‘Unigenituss”
1012 596 1091 654 ergo,

155 657 212 718 dte.

200 741 238 800 It.
258 737 332 816 Neg.
345 741 499 801 minorem.
491 741 586 802 ·licet
599 741 674 798 enIm
688 741 795 799 similes
815 741 943 817 qutedam
963 741 1091 818 proposi·

155 821 248 880 tiones
262 823 410 898 legantur'
402 839 432 881 ιι
448 823 501 894 SS.
516 824 575 882 PP.
584 823 641 880 illm
655 841 691 881 ex
704 823 934 881 antecedentibus
948 834 978 880 et
993 841 1091 880 conse·

157 904 307 998 quentibus
328 905 533 1002 restringuntur
559 905 595 962 ad
619 923 716 962 verum
738 923 870 962 sermm.
891 906 942 963 sed
963 904 1090 981 proposi·

156 985 248 1042 tiones
263 977 491 1050 QuesneIlianae'
484 1005 512 1044 m
526 986 609 1044 obvio
622 998 652 1044 et
662 985 809 1050 Quesuelli
823 1005 907 1044 sensu
921 985 1000 1044 salsae
1014 997 1089 1054 sumt,

157 1085 282 1125 mansere
295 1079 325 1124 et
338 1068 525 1136 damnabiles,
545 1068 587 1126 sic
601 1067 734 1127 Celsinus
759 1069 874 1126 dicits
876 1068 989 1126 ‘Totus
1010 1085 1090 1124 meus

158 1153 234 1208 “est
258 1149 461 1225 Augustinus?
482 1151 530 1208 ubi
557 1161 661 1208 tamen
674 1148 736 1210 Iraeo
764 1149 794 1208 S
823 1149 979 1226 Augustini
1006 1150 1090 1206 verba

125 1267 126 1272 κ
158 1231 274 1289 “crede
289 1244 317 1288 et
332 1231 542 1290 manducastiw
534 1251 564 1288 ιιι
578 1251 625 1289 ore
641 1231 795 1308 Augustini
811 1231 958 1291 Catholita
971 1243 1046 1358 suut,
1061 1231 1090 1286 in

157 1331 206 1370 ore
221 1307 330 1371 calvini
345 1312 484 1372 heretica.

158 1394 303 1453 ·Petes.
324 1415 359 1452 an
384 1395 408 1452 si
433 1395 546 1453 Bulla‘
547 1393 754 1470 ‘Unigenitus'’
778 1395 816 1453 sit
842 1391 940 1471 regula
962 1347 1038 1462 fidei,
1060 1403 1089 1449 et

156 1487 259 1552 praeter
273 1477 395 1554 quinque
409 1477 475 1538 fidei
499 1476 609 1554 regulas
633 1476 670 1534 N.
694 1478 744 1534 59.
764 1476 925 1552 assignatas,
948 1474 1089 1533 numerari

156 1559 257 1614 debeat
271 1559 372 1616 sexta?

197 1639 237 1696 11.
261 1639 297 1696 Il.
320 1639 403 1696 Bulla
425 1638 488 1698 hmo
511 1640 621 1697 tanturn
644 1639 748 1698 dieitur
769 1639 866 1714 regula
889 1638 965 1708 fidei,
988 1639 1087 1712 sicque

156 1721 352 1777 vocataestin
369 1722 456 1779 Cone.
473 1721 556 1779 Ilum.
579 1722 632 1778 sub
647 1721 779 1778 Benedio.
795 1721 879 1778 XIII.
902 1739 977 1779 anno
1003 1720 1087 1776 1725.

156 1801 319 1890 inquantum
330 1803 454 1860 continet
466 1801 575 1860 Summi
587 1803 732 1860 Pontifinis
743 1821 777 1860 ex
790 1801 931 1862 Cathedra
929 1801 1097 1898 loquenmt

156 1875 187 1940 ‘et
201 1882 339 1942 Ecclesim
361 1884 496 1960 dispersae
518 1884 708 1944 definitionem
730 1885 805 1942 circa
825 1882 1032 1960 propositiones
1054 1883 1089 1939 ad

156 1963 240 2022 iidem
256 1979 284 2023 et
298 1985 389 2023 mores
403 1967 584 2042 pertinentes,
605 1979 635 2023 et
648 1966 688 2023 ita
700 1983 757 2023 non
771 1977 814 2024 est
837 1965 941 2060 regula·
958 1943 1097 2022 dutincul

159 2045 195 2102 ab
222 2046 349 2104 Ecclesia
372 2049 415 2104 vel
440 2047 596 2105 Pontifice.
616 2047 721 2106 unde'
713 2067 783 2124 rpsae
807 2045 1014 2124 propositionum
1034 2065 1096 2110 nont

159 2141 294 2184 vomatur
307 2129 403 2204 regula
423 2129 489 2186 fidei
510 2129 553 2187 rel
580 2147 707 2196 morum;
728 2130 778 2186 sed
796 2128 936 2205 judicium
951 2127 1088 2186 Ecclesiae

159 2209 294 2276 docentis,
310 2210 383 2285 ipsas
397 2229 494 2268 omnes
508 2229 569 2268 esee
583 2205 676 2286 aliqui
690 2231 808 2268 censura
820 2211 926 2286 dignas,
936 2223 980 2268 est
994 2209 1087 2283 regula

158 2289 233 2358 fidei,
243 2289 325 2366 juxta
338 2309 420 2366 quam
435 2293 533 2349 fideles
546 2308 644 2349 omnes
657 2312 719 2349 sese
730 2292 849 2368 dirigere
862 2293 970 2349 debent
981 2303 1012 2349 et
1024 2290 1085 2347 hinc

158 2371 207 2448 qui
234 2373 413 2448 pertinaciter
439 2375 603 2432 defenderet
629 2373 749 2449 aliquam
771 2373 1001 2450 propositionem,
1022 2373 1095 2434 licen

158 2455 268 2512 tantdm
283 2455 355 2510 male
369 2468 523 2523 sonantem,
538 2455 678 2513 sustinens
692 2475 753 2513 earn
768 2475 824 2512 nnn
837 2474 899 2512 esse
919 2454 979 2511 ullo
1005 2455 1095 2525 modo,

139 2573 142 2581 ι
157 2535 353 2602 damnabilem,
368 2536 424 2593 dici
438 2537 554 2594 deberet
567 2535 716 2595 hereticus
727 2556 763 2594 ax
772 2555 814 2604 eo,
824 2536 900 2614 qued
910 2536 1083 2598 deiendemlo

156 2615 233 2672 illam
247 2618 465 2692 propositionem
490 2617 569 2674 nulio
593 2619 678 2674 modo
701 2637 763 2676 esse
786 2617 983 2684 damnabilem,
1005 2627 1082 2691 neget

156 2697 381 2835 infallibillitatem
395 2699 552 2757 Ecclesiae
544 2719 574 2756 m
588 2700 753 2758 definiendis
763 2699 1000 2778 propositionibus
1015 2697 1082 2755 malti

156 2779 265 2836 sonanti
276 2799 317 2835 ius

163 2862 244 2918 An
258 2862 409 2956 prudenter
419 2861 485 2938 quis
499 2862 603 2920 dictam
618 2861 729 2920 Bullam
743 2873 880 2937 acceptat,
894 2861 943 2938 qui
957 2879 1019 2920 eam
1030 2879 1093 2918 nos

154 2943 332 3010 examinavit,
346 2944 550 3020 usquelibrum
567 2943 713 3008 Quosnelli
728 2945 820 3019 legit?
1092 2955 1093 3004 i

162 3025 232 3082 li.
255 3025 439 3089 Affirmative,
464 3026 547 3082 sicuti
569 3026 721 3101 prudenter
745 3026 807 3101 quis
830 3037 960 3103 acceptat
974 3023 1093 3084 Concil.

154 3105 359 3172 Tridentium,
375 3119 404 3164 et
418 3108 530 3164 damnat
540 3105 661 3164 haereses
674 3108 709 3163 ab
723 3127 758 3164 eo
772 3108 924 3175 damnatas,
936 3106 1004 3164 liobt
1014 3105 1080 3163 illud

153 3205 293 3264 nunquam
310 3189 425 3264 legerit:
446 3189 512 3264 quia
525 3188 629 3244 sufficit
642 3188 669 3244 ei
683 3188 755 3246 scire
770 3189 929 3248 Concilium
943 3207 1006 3245 esse
1020 3189 1078 3242 veni

153 3265 380 3338 OEoumenIcum,
408 3271 534 3345 adeoque
562 3269 725 3328 infallibile:
761 3272 842 3346 aequb
870 3282 967 3327 eutem
1002 3268 1092 3326 Iacilcl

152 3351 342 3426 unusquisque
356 3352 451 3408 videre
465 3363 567 3428 potest,
583 3351 693 3408 Bullam
709 3351 780 3409 hanc
799 3371 861 3409 esse
881 3363 1023 3428 receptam
1046 3351 1078 3406 ab

152 3431 281 3488 universa
295 3432 423 3490 Ecclesia
433 3433 565 3509 dispersa,
578 3432 623 3490 aui
634 3453 690 3489 non
700 3433 791 3500 minius
805 3431 910 3492 assistit
920 3431 1039 3508 Spiritus
1051 3431 1077 3487 b
1090 3451 1091 3486 l

152 3503 234 3626 quim
259 3525 451 3588 congregatoe3
473 3525 516 3572 est
540 3514 614 3572 enim
641 3514 762 3589 Spiritus
784 3515 931 3572 Sanetus‘
934 3513 1091 3573 ‘omnibust

153 3591 298 3648 “diebus'’
320 3611 383 3650 cum
399 3595 535 3667 Ecclesia,
550 3615 613 3671 qum
627 3607 791 3656 tamennon
815 3615 925 3676 semper
949 3607 992 3654 est
1016 3613 1090 3652 oon

152 3685 273 3750 dffldm·
