2226 4064
159 139 219 198 268
530 155 723 198 nuceranae

167 319 171 330 ’
196 297 253 358 III.
268 299 306 358 R.
320 301 395 361 Cum
411 299 518 378 Sylvio,
532 301 625 378 legem
639 313 748 360 nature
760 301 911 378 dupliciter
923 301 1089 360 considerari

157 403 249 460 posse,
264 403 322 441 uno
335 383 421 440 modo
436 383 515 457 quasi
529 383 711 442 materialiter
725 395 755 441 et
778 383 886 440 ratione
909 383 1092 450 fundamenti,

156 476 242 542 pout
256 464 371 522 denunt
385 464 609 522 convenientiam
622 465 668 522 vel
682 463 948 523 disconvenientiam
969 465 1089 532 illorum,

157 565 222 622 qaue
236 565 272 604 er
285 557 384 604 natura
398 564 449 602 sua
462 558 529 603 sunt
541 547 615 604 bona
629 546 674 604 vel
700 547 793 604 melaz
812 545 868 603 alic
888 547 977 618 modo
1003 545 1090 603 consi·

158 627 249 686 derari
263 638 357 704 potest
379 626 533 684 formaliter
555 648 606 704 pro
631 628 790 696 dictamine,
813 647 869 702 quo
893 629 965 684 ratio
984 625 1091 704 judicat

157 711 215 768 tale
229 708 274 766 vel
288 709 344 768 tulo
358 727 420 766 esse
435 727 471 766 ex
484 721 583 768 natura
596 727 648 768 sua
660 711 764 766 bonum
780 709 825 767 vel
839 708 953 766 mulum.

199 789 263 848 Lex
276 789 410 850 naturalis
420 789 506 867 priori
497 791 600 849 'modu
610 789 755 852 intellecta
764 789 877 868 proprie
886 811 943 850 non
952 787 1093 847 derivatur

159 893 177 930 e
161 867 252 948 lege
266 885 379 940 aetcrnu,
396 873 446 929 sed
459 884 554 930 nostro
569 872 746 949 concipiendi
756 873 841 930 modo
855 872 946 948 legem
960 881 1092 930 aeternum

159 955 321 1013 mtocedit:
342 954 490 1030 posteriori
504 955 572 1014 vcrd
587 952 700 1012 modo
684 973 704 1012 a
717 954 781 1030 lego
805 966 911 1012 aeternu
934 952 1092 1018 derivatum

161 1035 228 1110 quia
250 1035 378 1112 procedit
401 1055 441 1092 ea
459 1035 610 1094 dictamine
634 1045 749 1106 aeterno,
773 1035 857 1112 eique
880 1047 923 1093 est
944 1033 1093 1130 confundis

71 1181 80 1202 f
160 1129 292 1193 tanquam
307 1136 366 1176 suae
380 1135 472 1175 caaeae
486 1117 649 1196 exemplari.

170 1237 175 1248 ’
336 1279 374 1338 ιι.
392 1281 438 1338 ιι.
479 1279 537 1338 ou
558 1280 670 1340 nuce
692 1221 924 1341 ιιιιιιιιιιι.

245 1400 248 1408 ⁵
296 1483 299 1492 .
321 1441 355 1502 S.
366 1441 474 1502 Itum.
488 1455 588 1519 quest.
605 1446 650 1503 16.
664 1455 720 1504 art.
733 1445 764 1504 ι.
778 1453 877 1522 qamt.
891 1443 940 1500 94.

165 1607 190 1664 I.
216 1606 405 1677 Quidsitlee
426 1605 722 1667 namrato.11.1n
744 1616 811 1664 actu
829 1606 928 1683 priam
948 1612 995 1664 est
1015 1605 1093 1680 quusi

206 1687 329 1746 daddus.
369 1687 426 1745 III.
447 1686 517 1744 Noa
527 1687 917 1765 potuitdomocondiec'lcn.
959 1685 1017 1742 IV.
1037 1683 1093 1742 Lan·

174 1777 320 1828 -natnroe
332 1767 464 1848 differt
446 1789 466 1825 a
479 1771 658 1829 cocmimtin.
700 1770 737 1828 V.
762 1769 828 1841 Quo
841 1789 925 1826 senec
943 1765 1093 1846 differctd

208 1853 267 1925 leffe
280 1861 395 1909 cetone.
439 1851 492 1909 Vl.
516 1851 677 1920 Quotam
690 1871 755 1909 ιιιιιι
774 1869 809 1908 eo
830 1851 990 1908 conueniat.
1033 1847 1094 1906 Vll.

172 1933 347 1990 Continet
353 1931 447 2010 plura
455 1941 611 2010 precepta,
652 1933 738 1991 VIII.
757 1931 881 2024 Estque
890 1927 1061 1990 indelebilis.

172 2095 334 2168 QUID
330 2109 374 2156 est
387 2097 435 2156 lex
448 2097 606 2155 naturalis?

209 2178 234 2234 Ι.
249 2178 285 2236 R.
308 2179 382 2237 Est'
375 2179 521 2256 rmpressic
535 2178 622 2236 divini
637 2176 797 2236 Luminis
789 2195 820 2233 ιιι
842 2175 934 2240 nohis,
959 2194 1021 2250 quo
1041 2191 1099 2249 cog·

169 2260 319 2329 noscimus,
316 2257 693 2336 “quiccrnnrerninncti
717 2257 865 2318 conveniet
888 2257 933 2314 vel
956 2257 1099 2314 disconve-

169 2341 238 2408 niat,
252 2342 355 2400 siveut
369 2341 439 2400 dicit
460 2341 488 2400 S
505 2341 606 2400 Thoria
629 2343 733 2399 arati
756 2340 850 2407 citato,
870 2351 913 2397 eet
926 2336 1099 2416 participatio

170 2422 241 2498 legis
255 2434 368 2481 ceterum
381 2424 411 2485 in
426 2435 553 2490 creatura
565 2422 702 2481 rationali.
744 2423 869 2480 Vocatur
883 2421 967 2481 etium
978 2417 1099 2478 naturale

171 2504 266 2561 lumen
279 2504 442 2564 intellectis
455 2505 552 2574 nostri,
566 2517 644 2564 recta
656 2504 737 2574 ratio,
753 2503 821 2561 item
831 2501 878 2580 jns
892 2505 1012 2559 naturai.
1028 2505 1031 2512 '

179 2606 182 2614 ’
213 2587 304 2644 Recta
327 2587 399 2645 ratio
427 2587 594 2688 quandoque
621 2587 704 2644 latinis
732 2585 852 2643 sumitur
878 2595 963 2662 prout
993 2581 1099 2658 respicit

172 2667 256 2725 etium
272 2668 329 2737 illa,
344 2689 407 2744 quae
422 2667 618 2726 tantinnen'rnt
623 2667 753 2734 consilii,
773 2667 823 2724 ubi
844 2667 891 2723 lex
909 2677 1020 2722 naturae
1044 2683 1099 2740 pro

173 2750 234 2824 pne
259 2749 307 2807 illu
333 2751 442 2808 tantdm
469 2750 696 2828 complectitur,
701 2768 766 2826 quae
799 2751 941 2863 praecepta
966 2758 1037 2804 sunt
1063 2745 1100 2802 rel

195 2829 323 2888 rohibita.

172 2849 265 2970 ιι)·1)θ
279 2911 330 2970 hac
345 2913 416 2990 lege
428 2912 594 3002 intelligitur
617 2912 688 2970 illud
710 2912 747 2970 ad
761 2912 846 2969 Ilum.
870 2930 931 2986 cup.
955 2911 985 2966 2.
1009 2909 1045 2965 V.
1062 2908 1100 2964 ll.

175 2994 327 3064 “,Gentes
350 3014 415 3070 quae
442 2995 557 3070 legem
561 3015 617 3052 nou
643 2993 756 3061 habent,
784 2993 946 3066 naturaliter
972 3009 1017 3057 cu,
1046 3008 1100 3066 que

175 3075 535 3152 lensnunatanunaqV.
543 3072 1100 3152 15.lqmostenduntopusleguscnptum

171 3163 194 3207 .“
210 3157 461 3216 incordibucsnis.”
475 3159 637 3216 Hucetiam
647 3157 714 3215 fucit
720 3154 806 3233 juxta
815 3157 867 3215 SS.
879 3158 956 3230 Aug.
966 3166 997 3212 et
1007 3152 1101 3210 Thena.

176 3239 249 3297 illud
262 3239 381 3307 Psoi-4.
394 3239 431 3296 V.
444 3242 474 3296 7.
496 3247 513 3274 “
526 3239 672 3315 Signatum
687 3251 731 3296 est
741 3257 825 3315 super
838 3257 890 3294 nos
901 3237 997 3312 lumen
1011 3235 1101 3290 vultis

176 3326 195 3356 ‘¹
210 3321 260 3389 tui,
276 3321 399 3380 Domine
409 3320 434 3380 :''
454 3333 499 3380 ast
521 3321 550 3380 S.
575 3321 765 3397 Hieronymus
787 3320 891 3396 aliique
911 3319 1007 3395 plures
1029 3316 1102 3374 aliter

171 3401 252 3458 hunc
266 3402 359 3460 locum
374 3420 411 3462 ex
426 3403 549 3462 Hebraeo
563 3403 789 3496 interpretantur.

219 3481 258 3540 ΙΙ.
273 3482 335 3541 Lex
348 3497 455 3541 naturae
468 3485 497 3541 in
511 3496 584 3542 actu
598 3484 690 3560 primo
712 3483 887 3542 consideratu
910 3481 1024 3542 videtur
1048 3497 1101 3536 esee

173 3561 298 3631 habitus,
311 3563 362 3622 seu
377 3563 417 3622 sis
430 3565 448 3623 ὲ
462 3566 526 3624 Deo
540 3565 627 3624 menti
642 3578 743 3622 creatae
756 3564 899 3642 impressa,
913 3577 979 3641 apta
992 3563 1101 3626 dictare,

178 3643 247 3719 quid
259 3657 414 3712 creaturum
436 3641 599 3705 rationalem
619 3663 670 3722 per
691 3665 722 3703 se
736 3647 834 3704 deceat
848 3645 893 3703 vel
907 3647 1057 3707 dedeceut;
1078 3641 1102 3696 in

179 3738 248 3782 actu
260 3727 382 3783 secundo
404 3741 528 3803 spectata
551 3741 595 3785 est
618 3728 728 3785 actuale
753 3728 893 3785 dictamen
913 3725 1102 3804 prescribens,

180 3805 248 3880 qnid
263 3803 307 3863 hlc
320 3818 349 3864 et
362 3827 436 3866 nuuc
449 3810 509 3866 lieri
529 3810 629 3868 debeat
651 3809 697 3866 vel
722 3809 814 3868 omitti
839 3823 871 3867 ut
892 3821 1103 3868 consentaneum

181 3885 225 3944 vel
240 3885 444 3947 dissentaneum
458 3903 591 3950 creatnrae
608 3890 745 3950 rationuli.
