2216 4056
173 65 230 126 108
514 77 708 121 rascrnrns

182 247 187 252 ·
211 225 263 285 IV.
285 223 411 284 Traditio
428 222 594 300 Apostolica
613 235 657 282 est
670 223 728 294 illa,
752 241 816 300 quta
838 223 873 281 ab
889 223 1039 302 Apostolis,
1069 237 1097 284 ut

171 306 309 368 Ecclesia
321 306 490 402 Pastorihust
504 317 547 364 est
560 306 705 364 instituta:
720 305 809 381 qualis
823 316 866 363 est
877 305 1030 366 observatio
1041 308 1097 368 diei

169 387 361 456 Dominicae,
349 397 389 466 Je'J
376 387 486 466 J'unium
502 387 748 464 quadragesimale,
763 397 792 444 et
816 385 910 464 plures
925 387 1030 459 Missae,
1048 390 1097 448 Sa·

170 483 430 546 maestorumque
444 469 523 526 ritus.

209 551 246 610 V.
260 551 386 610 Traditio
403 548 600 608 Ecclesiastica
614 549 725 619 dicitur,
741 569 804 626 quaa
817 561 882 628 post
897 551 1097 629 Apostolorum

169 646 305 711 tempora,
319 635 354 691 ab
367 631 502 690 Ecclesiae
518 631 645 690 Praelatis
657 632 700 689 vel
712 631 817 709 populo
829 630 988 692 Christiano
1001 647 1044 692 est
1060 635 1097 692 in

168 717 325 774 traducta:
332 727 364 772 nt
378 728 443 771 sunt
457 713 619 788 observatio
629 713 784 783 Fastorum,
799 713 967 773 abstinentia
990 717 1025 774 ab
1039 717 1097 774 ovb

168 809 199 856 et
212 797 359 855 lacticiniis
374 795 457 854 certis
471 795 579 863 diebus,
594 796 646 852 &a

210 879 337 938 Observa
360 889 463 946 tamem
485 877 562 952 qubd
584 875 646 934 haec
674 875 809 934 vocabula
831 873 957 934 Traditio
985 877 1097 946 Divina

169 960 344 1036 Apostoliea‚
362 958 568 1025 Ecclesiastico,
583 958 750 1034 quandoque
775 957 815 1016 ita
832 959 1097 1028 confundantur,nt

167 1041 274 1118 aliquid
295 1041 403 1099 (licetur
427 1060 488 1097 esse
504 1038 673 1096 deitionis
689 1039 863 1116 Apostolicve
884 1041 929 1098 vel
944 1040 1097 1100 Ecclesiae

168 1123 242 1190 ticae,
257 1123 332 1199 quod
346 1135 389 1180 est
404 1113 574 1178 'Proditionis
588 1121 710 1189 Divinae‚
726 1131 754 1178 et
769 1119 876 1178 contrd.

209 1205 346 1270 Quanam
362 1203 489 1261 Traditio
503 1201 605 1258 dicitur
618 1201 801 1278 dogmatica?

210 1286 261 1344 VI.
283 1286 321 1345 R.
346 1285 399 1343 Est
412 1285 469 1352 illa,
484 1303 548 1359 quae
571 1297 697 1342 vereatur
719 1283 794 1341 circa
817 1281 883 1342 fidei
906 1284 1050 1361 dogmata,
1070 1295 1097 1346 ut

168 1367 304 1438 cethaee,
329 1367 383 1443 qui
404 1367 537 1444 probatur
550 1365 698 1424 existentia
723 1365 875 1442 Scriptura
890 1363 929 1435 S„
953 1385 1016 1424 eam
1040 1385 1097 1428 esst

168 1451 293 1507 Verbum
309 1449 375 1516 Dei,
391 1449 442 1506 &a

111 1603 117 1609 .
209 1531 277 1590 VII.
300 1530 421 1588 Ritualis
446 1530 576 1590 estcirca
599 1528 669 1585 ritate
683 1545 792 1586 sacros:
812 1527 902 1603 qualis
916 1540 960 1586 est
973 1529 1097 1604 doctdnq

167 1613 406 1681 caeremoniarum,
421 1631 485 1687 quae
508 1622 653 1668 servantur
673 1609 702 1667 in
718 1609 861 1668 Sacrificio
884 1609 993 1680 Missas,
1012 1612 1097 1669 admit

167 1694 330 1751 niatratione
347 1694 598 1762 sacramentorum,
613 1693 664 1750 &a

209 1775 297 1834 VIII.
321 1777 350 1831 Μ
354 1775 436 1833 oralia
450 1775 572 1851 pertinet
586 1775 621 1832 ad
636 1791 747 1830 mores:
768 1784 801 1830 ut
815 1773 891 1848 qudd
906 1774 991 1832 certis
1003 1719 1097 1858 dielnrd

167 1857 302 1916 servanda
315 1857 371 1914 sint
380 1855 495 1933 jejunia,
511 1855 710 1914 celebrandum
724 1853 838 1912 Festum
854 1854 980 1925 Paschae,
995 1857 1050 1914 &c

209 1939 261 1997 IX.
283 1938 409 1996 Traditio
433 1949 569 2014 perpetua
592 1948 644 2004 cst,
667 1955 731 2011 quae
755 1935 918 2003 instituitur,
942 1949 976 1994 ut
991 1895 1097 2016 sempul

168 2034 301 2089 servetur,
317 2020 412 2095 quales
433 2031 498 2076 sunt
513 2018 690 2076 Traditiones
705 2017 837 2076 Divinae}
857 2017 1024 2094 temporalis
1050 2033 1096 2084 est.

168 2123 231 2178 quae
245 2102 400 2160 instituitur
420 2102 455 2158 ad
470 2113 577 2158 certum
602 2112 722 2175 tempus,
747 2111 779 2156 nt
793 2111 852 2156 erat
866 2099 947 2158 iuitIo
962 2099 1096 2158 Ecclesia

168 2184 335 2242 abstinentia
347 2181 365 2239 a
378 2183 511 2258 sanguine
526 2195 555 2239 et
569 2181 715 2238 suffocato.
747 2195 749 2204 ⁴

209 2265 246 2322 Χ
271 2264 397 2322 Traditio
411 2263 574 2321 universalis
588 2276 639 2334 est,
654 2281 717 2338 quat
739 2262 792 2320 toti
808 2261 944 2322 Ecclesiae
968 2263 1096 2340 proponi«

168 2359 214 2405 tur
228 2347 406 2415 observanda,
427 2359 459 2402 ut
476 2345 632 2402 observatio
653 2343 709 2400 diei
724 2343 904 2401 Dominicae.
925 2345 1096 2420 particularis

168 2443 221 2495 est,
237 2447 300 2505 quae
313 2447 366 2522 pro
379 2447 434 2484 una
448 2437 496 2484 aut
519 2427 647 2502 pluribus
670 2423 882 2518 particularibus
897 2425 1038 2484 Ecclesiis
1061 2431 1096 2482 est

168 2512 314 2568 instituta·
335 2510 376 2567 sio
398 2521 524 2585 tempore
548 2509 637 2566 sancti
652 2505 837 2584 Augustini
825 2505 964 2583 JeJunium
986 2503 1096 2572 Sabbatl

169 2593 365 2650 oltservabatur
380 2590 489 2658 Romae,
504 2610 559 2646 non
576 2589 740 2646 Mediolani.
1095 2639 1096 2656 J

209 2676 323 2740 Quanta
336 2684 379 2729 est
394 2671 588 2728 Traditionum
602 2669 779 2729 authoritas?
1095 2687 1096 2760 J

209 2755 262 2812 XI.
284 2753 320 2811 R.
341 2737 469 2810 Traditio
497 2751 602 2810 Divina
629 2751 765 2827 aqualem
793 2747 877 2808 habet
901 2748 1072 2810 authoritate

168 2858 232 2897 cum
250 2835 392 2912 Scriptura
409 2834 493 2892 Sacra
504 2857 510 2870 ·
504 2845 640 2908 ,utraque
654 2833 728 2890 enim
743 2844 787 2890 est
801 2834 865 2890 vara
879 2827 1008 2890 Verbum
1026 2763 1096 2895 Delli

168 2920 229 2978 haec
243 2917 419 2976 solummodo
433 2929 476 2973 est
497 2915 661 2984 differentia,
676 2914 761 2989 qubd
772 2913 845 2971 circa
861 2914 1039 2990 Scripturam
1055 2915 1095 2973 Sa·

158 3022 243 3060 cram
266 2998 419 3077 propositio
435 2997 572 3054 Ecclesia
596 2997 632 3054 sit
646 2996 726 3052 nobis
748 2994 836 3070 magis
857 2996 1048 3075 manifestata,
1068 3013 1095 3052 er

168 3103 224 3160 quo
239 3082 370 3140 librorum
386 3079 592 3138 canonicorum
608 3077 775 3153 Catalogum
798 3073 867 3139 fixit
893 3089 923 3133 et
947 3077 1095 3136 editionem

168 3177 282 3231 certam,
310 3176 342 3220 ut
369 3159 557 3218 authenticam
580 3158 762 3236 approbavit.
784 3157 979 3216 Traditionnm
1007 3173 1095 3217 autem

168 3245 335 3305 Divinarum
350 3242 516 3318 Catalogum
531 3261 587 3298 non
602 3241 692 3298 texuit
709 3237 845 3309 Ecclesia,
866 3240 916 3297 sed
930 3259 982 3315 pro
997 3240 1095 3300 occai

168 3347 222 3385 one
235 3345 310 3382 nunc
324 3323 403 3394 hanc,
418 3343 492 3380 nunc
506 3322 581 3380 illam
597 3322 735 3400 proponit.

210 3406 336 3464 Traditio
354 3405 518 3484 Apostolica
541 3405 658 3462 eandem
673 3403 757 3461 habet
781 3401 989 3471 authoritatem,
1017 3420 1094 3479 qnam

168 3489 272 3547 habent
286 3487 399 3544 decreta
412 3487 594 3543 institutionis
611 3485 793 3560 Apostolicae.
1094 3507 1095 3534 ι

210 3567 336 3626 Traditio
352 3567 549 3624 Ecclesiastico
562 3566 687 3643 ejusdem
712 3578 755 3624 est
769 3563 944 3624 authoritatis
958 3583 992 3622 ac
1008 3566 1095 3642 Lagea

167 3657 198 3709 'et
213 3647 433 3708 Constitutiones
457 3648 679 3706 Ecclesiasticaa:
700 3659 728 3704 et
752 3647 868 3724 proinde
885 3647 1020 3705 Pontifex
1047 3659 1095 3720 tani

168 3728 365 3807 ‘Apostolicam
380 3727 460 3802 quam
477 3727 704 3786 Ecclesiastiram
719 3743 813 3805 potest
826 3729 984 3786 immutate.
1094 3759 1095 3792 t

211 3813 258 3868 An
274 3821 301 3867 et
316 3828 378 3885 quae
394 3809 520 3868 Traditio
534 3823 576 3868 est
590 3810 686 3886 regula
698 3810 787 3870 fidei?
807 3840 810 3848 ¹
