<?xml version="1.0" encoding="UTF-8"?>
<!DOCTYPE html PUBLIC "-//W3C//DTD XHTML 1.0 Transitional//EN"
    "http://www.w3.org/TR/xhtml1/DTD/xhtml1-transitional.dtd">
<html xmlns="http://www.w3.org/1999/xhtml" xml:lang="en" lang="en">
 <head>
  <title>
</title>
<meta http-equiv="Content-Type" content="text/html;charset=utf-8" />
  <meta name='ocr-system' content='tesseract 3.04.00' />
  <meta name='ocr-capabilities' content='ocr_page ocr_carea ocr_par ocr_line ocrx_word'/>
</head>
<body>
  <div class='ocr_page' id='page_1' title='image "./theologiamorali03densgoog_0353.png"; bbox 0 0 2248 4070; ppageno 0'>
   <div class='ocr_carea' id='block_1_1' title="bbox 84 79 727 198">
    <p class='ocr_par' dir='ltr' id='par_1_1' title="bbox 84 79 727 198">
     <span class='ocr_line' id='line_1_1' title="bbox 84 79 727 198; baseline 0.002 -21"><span class='ocrx_word' id='word_1_1' title='bbox 84 193 86 198; x_wconf 89' lang='lat'><strong>.</strong></span> <span class='ocrx_word' id='word_1_2' title='bbox 168 121 227 178; x_wconf 78' lang='lat' dir='ltr'><strong>att</strong></span> <span class='ocrx_word' id='word_1_3' title='bbox 347 79 356 96; x_wconf 97' lang='lat'><strong>.</strong></span> <span class='ocrx_word' id='word_1_4' title='bbox 537 135 727 180; x_wconf 78' lang='lat' dir='ltr'><strong>ranorarus</strong></span> 
     </span>
    </p>
   </div>
   <div class='ocr_carea' id='block_1_2' title="bbox 162 279 1114 1094">
    <p class='ocr_par' dir='ltr' id='par_1_2' title="bbox 162 279 1114 848">
     <span class='ocr_line' id='line_1_2' title="bbox 206 279 1094 360; baseline 0.005 -20"><span class='ocrx_word' id='word_1_5' title='bbox 206 283 243 341; x_wconf 90' lang='lat' dir='ltr'><strong>V.</strong></span> <span class='ocrx_word' id='word_1_6' title='bbox 266 282 297 342; x_wconf 89' lang='lat' dir='ltr'><strong>Si</strong></span> <span class='ocrx_word' id='word_1_7' title='bbox 308 293 397 341; x_wconf 78' lang='lat' dir='ltr'><strong>cesset</strong></span> <span class='ocrx_word' id='word_1_8' title='bbox 411 281 475 340; x_wconf 92' lang='lat' dir='ltr'><strong>finis</strong></span> <span class='ocrx_word' id='word_1_9' title='bbox 489 281 559 358; x_wconf 79' lang='lat' dir='ltr'><strong>legis</strong></span> <span class='ocrx_word' id='word_1_10' title='bbox 572 281 706 360; x_wconf 87' lang='lat' dir='ltr'><strong>partialis,</strong></span> <span class='ocrx_word' id='word_1_11' title='bbox 727 279 786 340; x_wconf 84' lang='lat' dir='ltr'><strong>sire</strong></span> <span class='ocrx_word' id='word_1_12' title='bbox 800 280 829 340; x_wconf 88' lang='lat' dir='ltr'><strong>in</strong></span> <span class='ocrx_word' id='word_1_13' title='bbox 843 280 991 340; x_wconf 84' lang='lat' dir='ltr'><strong>universali</strong></span> <span class='ocrx_word' id='word_1_14' title='bbox 1006 295 1094 344; x_wconf 85' lang='lat' dir='ltr'><strong>cesset</strong></span> 
     </span>
     <span class='ocr_line' id='line_1_3' title="bbox 165 363 1114 442; baseline 0.002 -21"><span class='ocrx_word' id='word_1_15' title='bbox 165 364 226 423; x_wconf 86' lang='lat' dir='ltr'><strong>sive</strong></span> <span class='ocrx_word' id='word_1_16' title='bbox 239 365 268 422; x_wconf 87' lang='lat' dir='ltr'><strong>in</strong></span> <span class='ocrx_word' id='word_1_17' title='bbox 281 363 450 442; x_wconf 86' lang='lat' dir='ltr'><strong>particulari,</strong></span> <span class='ocrx_word' id='word_1_18' title='bbox 471 364 555 422; x_wconf 76' lang='lat' dir='ltr'><strong>modo</strong></span> <span class='ocrx_word' id='word_1_19' title='bbox 570 376 680 422; x_wconf 88' lang='lat' dir='ltr'><strong>maneat</strong></span> <span class='ocrx_word' id='word_1_20' title='bbox 693 363 764 421; x_wconf 88' lang='lat' dir='ltr'><strong>alius</strong></span> <span class='ocrx_word' id='word_1_21' title='bbox 784 363 847 420; x_wconf 85' lang='lat' dir='ltr'><strong>finis</strong></span> <span class='ocrx_word' id='word_1_22' title='bbox 861 363 931 439; x_wconf 78' lang='lat' dir='ltr'><strong>legis</strong></span> <span class='ocrx_word' id='word_1_23' title='bbox 945 365 1094 436; x_wconf 83' lang='lat' dir='ltr'><strong>sufficiens,</strong></span> <span class='ocrx_word' id='word_1_24' title='bbox 1113 393 1114 440; x_wconf 58' lang='lat' dir='ltr'><strong>p</strong></span> 
     </span>
     <span class='ocr_line' id='line_1_4' title="bbox 165 445 1114 522; baseline -0.003 -19"><span class='ocrx_word' id='word_1_25' title='bbox 165 446 213 504; x_wconf 89' lang='lat' dir='ltr'><strong>lex</strong></span> <span class='ocrx_word' id='word_1_26' title='bbox 227 465 279 504; x_wconf 87' lang='lat' dir='ltr'><strong>nec</strong></span> <span class='ocrx_word' id='word_1_27' title='bbox 292 447 321 503; x_wconf 91' lang='lat' dir='ltr'><strong>in</strong></span> <span class='ocrx_word' id='word_1_28' title='bbox 337 445 495 515; x_wconf 86' lang='lat' dir='ltr'><strong>universali,</strong></span> <span class='ocrx_word' id='word_1_29' title='bbox 518 465 571 503; x_wconf 88' lang='lat' dir='ltr'><strong>nec</strong></span> <span class='ocrx_word' id='word_1_30' title='bbox 584 445 613 502; x_wconf 90' lang='lat' dir='ltr'><strong>in</strong></span> <span class='ocrx_word' id='word_1_31' title='bbox 626 445 787 522; x_wconf 67' lang='lat' dir='ltr'><strong>particulari</strong></span> <span class='ocrx_word' id='word_1_32' title='bbox 807 445 935 503; x_wconf 76' lang='lat' dir='ltr'><strong>cessabit.</strong></span> <span class='ocrx_word' id='word_1_33' title='bbox 978 445 1029 505; x_wconf 90' lang='lat' dir='ltr'><strong>Sic</strong></span> <span class='ocrx_word' id='word_1_34' title='bbox 1043 466 1094 506; x_wconf 89' lang='lat' dir='ltr'><strong>nou</strong></span> <span class='ocrx_word' id='word_1_35' title='bbox 1113 445 1114 500; x_wconf 79' lang='lat' dir='ltr'><strong>l</strong></span> 
     </span>
     <span class='ocr_line' id='line_1_5' title="bbox 166 525 1095 604; baseline 0.002 -18"><span class='ocrx_word' id='word_1_36' title='bbox 166 541 256 586; x_wconf 88' lang='lat' dir='ltr'><strong>cessat</strong></span> <span class='ocrx_word' id='word_1_37' title='bbox 277 528 324 586; x_wconf 88' lang='lat' dir='ltr'><strong>lex</strong></span> <span class='ocrx_word' id='word_1_38' title='bbox 346 527 492 604; x_wconf 87' lang='lat' dir='ltr'><strong>Baptiemi,</strong></span> <span class='ocrx_word' id='word_1_39' title='bbox 513 526 580 584; x_wconf 74' lang='lat' dir='ltr'><strong>licet</strong></span> <span class='ocrx_word' id='word_1_40' title='bbox 601 527 714 585; x_wconf 88' lang='lat' dir='ltr'><strong>adultus</strong></span> <span class='ocrx_word' id='word_1_41' title='bbox 733 525 794 603; x_wconf 89' lang='lat' dir='ltr'><strong>jam</strong></span> <span class='ocrx_word' id='word_1_42' title='bbox 815 527 888 584; x_wconf 83' lang='lat' dir='ltr'><strong>soret</strong></span> <span class='ocrx_word' id='word_1_43' title='bbox 906 525 1095 604; x_wconf 88' lang='lat' dir='ltr'><strong>justificatus:</strong></span> 
     </span>
     <span class='ocr_line' id='line_1_6' title="bbox 162 607 1095 686; baseline 0.004 -22"><span class='ocrx_word' id='word_1_44' title='bbox 162 610 269 686; x_wconf 68' lang='lat' dir='ltr'><strong>¹pariter</strong></span> <span class='ocrx_word' id='word_1_45' title='bbox 282 609 315 679; x_wconf 92' lang='lat' dir='ltr'><strong>si,</strong></span> <span class='ocrx_word' id='word_1_46' title='bbox 336 629 362 666; x_wconf 88' lang='lat' dir='ltr'><strong>v.</strong></span> <span class='ocrx_word' id='word_1_47' title='bbox 375 629 402 686; x_wconf 86' lang='lat' dir='ltr'><strong>g.</strong></span> <span class='ocrx_word' id='word_1_48' title='bbox 411 607 551 686; x_wconf 88' lang='lat' dir='ltr'><strong>jejunium</strong></span> <span class='ocrx_word' id='word_1_49' title='bbox 564 608 601 666; x_wconf 86' lang='lat' dir='ltr'><strong>sit</strong></span> <span class='ocrx_word' id='word_1_50' title='bbox 614 608 751 666; x_wconf 90' lang='lat' dir='ltr'><strong>indictum</strong></span> <span class='ocrx_word' id='word_1_51' title='bbox 765 608 801 666; x_wconf 89' lang='lat' dir='ltr'><strong>ad</strong></span> <span class='ocrx_word' id='word_1_52' title='bbox 814 607 999 668; x_wconf 89' lang='lat' dir='ltr'><strong>obtinendum</strong></span> <span class='ocrx_word' id='word_1_53' title='bbox 1012 609 1095 668; x_wconf 81' lang='lat' dir='ltr'><strong>tinem</strong></span> 
     </span>
     <span class='ocr_line' id='line_1_7' title="bbox 165 688 1095 768; baseline 0.002 -21"><span class='ocrx_word' id='word_1_54' title='bbox 165 690 233 747; x_wconf 91' lang='lat' dir='ltr'><strong>belli</strong></span> <span class='ocrx_word' id='word_1_55' title='bbox 248 701 277 749; x_wconf 92' lang='lat' dir='ltr'><strong>et</strong></span> <span class='ocrx_word' id='word_1_56' title='bbox 290 691 361 748; x_wconf 87' lang='lat' dir='ltr'><strong>aeris</strong></span> <span class='ocrx_word' id='word_1_57' title='bbox 375 691 560 758; x_wconf 75' lang='lat' dir='ltr'>serenitatem,</span> <span class='ocrx_word' id='word_1_58' title='bbox 581 689 769 767; x_wconf 76' lang='lat' dir='ltr'><strong>perseverabit</strong></span> <span class='ocrx_word' id='word_1_59' title='bbox 782 688 874 748; x_wconf 89' lang='lat' dir='ltr'><strong>adbuc</strong></span> <span class='ocrx_word' id='word_1_60' title='bbox 890 688 1033 768; x_wconf 87' lang='lat' dir='ltr'><strong>jejunium</strong></span> <span class='ocrx_word' id='word_1_61' title='bbox 1048 691 1095 749; x_wconf 92' lang='lat' dir='ltr'><strong>du·</strong></span> 
     </span>
     <span class='ocr_line' id='line_1_8' title="bbox 166 769 963 848; baseline -0.003 -18"><span class='ocrx_word' id='word_1_62' title='bbox 166 785 245 830; x_wconf 81' lang='lat' dir='ltr'><strong>rante</strong></span> <span class='ocrx_word' id='word_1_63' title='bbox 259 773 343 841; x_wconf 92' lang='lat' dir='ltr'><strong>bello,</strong></span> <span class='ocrx_word' id='word_1_64' title='bbox 365 772 432 829; x_wconf 71' lang='lat' dir='ltr'><strong>licet</strong></span> <span class='ocrx_word' id='word_1_65' title='bbox 445 772 516 830; x_wconf 87' lang='lat' dir='ltr'><strong>aeris</strong></span> <span class='ocrx_word' id='word_1_66' title='bbox 529 772 666 829; x_wconf 77' lang='lat' dir='ltr'><strong>serenitas</strong></span> <span class='ocrx_word' id='word_1_67' title='bbox 674 769 733 848; x_wconf 90' lang='lat' dir='ltr'><strong>jam</strong></span> <span class='ocrx_word' id='word_1_68' title='bbox 748 771 785 828; x_wconf 90' lang='lat' dir='ltr'><strong>sit</strong></span> <span class='ocrx_word' id='word_1_69' title='bbox 798 773 921 829; x_wconf 86' lang='lat' dir='ltr'><strong>obtenta.</strong></span> <span class='ocrx_word' id='word_1_70' title='bbox 961 791 963 796; x_wconf 92' lang='lat'>·</span> 
     </span>
    </p>

    <p class='ocr_par' dir='ltr' id='par_1_3' title="bbox 165 852 1098 1094">
     <span class='ocr_line' id='line_1_9' title="bbox 207 852 1096 931; baseline 0.001 -20"><span class='ocrx_word' id='word_1_71' title='bbox 207 853 260 912; x_wconf 90' lang='lat' dir='ltr'><strong>VI.</strong></span> <span class='ocrx_word' id='word_1_72' title='bbox 282 853 424 922; x_wconf 82' lang='lat' dir='ltr'><strong>Quinimb,</strong></span> <span class='ocrx_word' id='word_1_73' title='bbox 445 853 512 910; x_wconf 77' lang='lat' dir='ltr'><strong>licet</strong></span> <span class='ocrx_word' id='word_1_74' title='bbox 535 865 657 912; x_wconf 80' lang='lat' dir='ltr'><strong>cessaret</strong></span> <span class='ocrx_word' id='word_1_75' title='bbox 681 852 744 910; x_wconf 86' lang='lat' dir='ltr'><strong>finis</strong></span> <span class='ocrx_word' id='word_1_76' title='bbox 767 853 863 911; x_wconf 88' lang='lat' dir='ltr'><strong>totalis</strong></span> <span class='ocrx_word' id='word_1_77' title='bbox 885 853 915 910; x_wconf 88' lang='lat' dir='ltr'><strong>in</strong></span> <span class='ocrx_word' id='word_1_78' title='bbox 936 853 1096 931; x_wconf 69' lang='lat' dir='ltr'><strong>particulari</strong></span> 
     </span>
     <span class='ocr_line' id='line_1_10' title="bbox 167 934 1097 1011; baseline 0 -19"><span class='ocrx_word' id='word_1_79' title='bbox 167 941 185 970; x_wconf 80' lang='lat'><strong>‘⁶</strong></span> <span class='ocrx_word' id='word_1_80' title='bbox 195 935 351 1011; x_wconf 78' lang='lat' dir='ltr'><strong>negative,”</strong></span> <span class='ocrx_word' id='word_1_81' title='bbox 361 955 417 992; x_wconf 90' lang='lat' dir='ltr'><strong>non</strong></span> <span class='ocrx_word' id='word_1_82' title='bbox 431 935 496 992; x_wconf 88' lang='lat' dir='ltr'><strong>ideo</strong></span> <span class='ocrx_word' id='word_1_83' title='bbox 510 946 631 993; x_wconf 85' lang='lat' dir='ltr'><strong>cessaret</strong></span> <span class='ocrx_word' id='word_1_84' title='bbox 644 934 700 1004; x_wconf 86' lang='lat' dir='ltr'><strong>lex,</strong></span> <span class='ocrx_word' id='word_1_85' title='bbox 714 934 864 1010; x_wconf 88' lang='lat' dir='ltr'><strong>nequidem</strong></span> <span class='ocrx_word' id='word_1_86' title='bbox 877 945 1010 1011; x_wconf 90' lang='lat' dir='ltr'><strong>respectu</strong></span> <span class='ocrx_word' id='word_1_87' title='bbox 1024 935 1097 993; x_wconf 87' lang='lat' dir='ltr'><strong>iilius</strong></span> 
     </span>
     <span class='ocr_line' id='line_1_11' title="bbox 165 1016 1098 1094; baseline 0.001 -20"><span class='ocrx_word' id='word_1_88' title='bbox 165 1017 350 1094; x_wconf 86' lang='lat' dir='ltr'><strong>particularis,</strong></span> <span class='ocrx_word' id='word_1_89' title='bbox 372 1036 423 1093; x_wconf 91' lang='lat' dir='ltr'><strong>pro</strong></span> <span class='ocrx_word' id='word_1_90' title='bbox 445 1035 501 1092; x_wconf 93' lang='lat' dir='ltr'><strong>quo</strong></span> <span class='ocrx_word' id='word_1_91' title='bbox 514 1017 577 1073; x_wconf 87' lang='lat' dir='ltr'><strong>finis</strong></span> <span class='ocrx_word' id='word_1_92' title='bbox 591 1028 683 1074; x_wconf 88' lang='lat' dir='ltr'><strong>cessat</strong></span> <span class='ocrx_word' id='word_1_93' title='bbox 696 1016 842 1092; x_wconf 75' lang='lat' dir='ltr'><strong>negative:</strong></span> <span class='ocrx_word' id='word_1_94' title='bbox 863 1016 935 1073; x_wconf 86' lang='lat' dir='ltr'><strong>ratio</strong></span> <span class='ocrx_word' id='word_1_95' title='bbox 958 1027 1011 1086; x_wconf 85' lang='lat' dir='ltr'><strong>est,</strong></span> <span class='ocrx_word' id='word_1_96' title='bbox 1035 1017 1098 1092; x_wconf 88' lang='lat' dir='ltr'><strong>quie</strong></span> 
     </span>
    </p>
   </div>
   <div class='ocr_carea' id='block_1_3' title="bbox 58 1097 1097 1256">
    <p class='ocr_par' dir='ltr' id='par_1_4' title="bbox 58 1097 1097 1256">
     <span class='ocr_line' id='line_1_12' title="bbox 93 1097 1097 1172; baseline 0.002 -18"><span class='ocrx_word' id='word_1_97' title='bbox 93 1119 97 1125; x_wconf 89' lang='lat'><em>·</em></span> <span class='ocrx_word' id='word_1_98' title='bbox 166 1097 240 1156; x_wconf 90' lang='lat' dir='ltr'><strong>inter</strong></span> <span class='ocrx_word' id='word_1_99' title='bbox 254 1099 378 1172; x_wconf 85' lang='lat' dir='ltr'><strong>membra</strong></span> <span class='ocrx_word' id='word_1_100' title='bbox 391 1097 598 1156; x_wconf 87' lang='lat' dir='ltr'><strong>communitatis</strong></span> <span class='ocrx_word' id='word_1_101' title='bbox 612 1098 696 1168; x_wconf 86' lang='lat' dir='ltr'><strong>debet</strong></span> <span class='ocrx_word' id='word_1_102' title='bbox 718 1117 780 1156; x_wconf 84' lang='lat' dir='ltr'><strong>esse</strong></span> <span class='ocrx_word' id='word_1_103' title='bbox 794 1097 974 1156; x_wconf 82' lang='lat' dir='ltr'><strong>conformitas</strong></span> <span class='ocrx_word' id='word_1_104' title='bbox 987 1117 1097 1157; x_wconf 89' lang='lat' dir='ltr'><strong>morum</strong></span> 
     </span>
     <span class='ocr_line' id='line_1_13' title="bbox 58 1177 486 1256; baseline -0.014 -15"><span class='ocrx_word' id='word_1_105' title='bbox 58 1196 61 1204; x_wconf 87' lang='lat'>&#39;</span> <span class='ocrx_word' id='word_1_106' title='bbox 166 1192 196 1240; x_wconf 83' lang='lat' dir='ltr'><strong>ct</strong></span> <span class='ocrx_word' id='word_1_107' title='bbox 209 1179 367 1238; x_wconf 87' lang='lat' dir='ltr'><strong>stabilitatis</strong></span> <span class='ocrx_word' id='word_1_108' title='bbox 382 1177 486 1256; x_wconf 80' lang='lat' dir='ltr'><strong>legum.</strong></span> 
     </span>
    </p>
   </div>
   <div class='ocr_carea' id='block_1_4' title="bbox 208 1259 1098 1337">
    <p class='ocr_par' dir='ltr' id='par_1_5' title="bbox 208 1259 1098 1337">
     <span class='ocr_line' id='line_1_14' title="bbox 208 1259 1098 1337; baseline 0 -18"><span class='ocrx_word' id='word_1_109' title='bbox 208 1261 321 1319; x_wconf 87' lang='lat' dir='ltr'><strong>Deinde</strong></span> <span class='ocrx_word' id='word_1_110' title='bbox 335 1261 412 1337; x_wconf 81' lang='lat' dir='ltr'><strong>leges</strong></span> <span class='ocrx_word' id='word_1_111' title='bbox 426 1281 480 1317; x_wconf 89' lang='lat' dir='ltr'><strong>non</strong></span> <span class='ocrx_word' id='word_1_112' title='bbox 495 1260 623 1318; x_wconf 84' lang='lat' dir='ltr'><strong>feruntur</strong></span> <span class='ocrx_word' id='word_1_113' title='bbox 636 1260 672 1317; x_wconf 90' lang='lat' dir='ltr'><strong>de</strong></span> <span class='ocrx_word' id='word_1_114' title='bbox 685 1259 780 1336; x_wconf 89' lang='lat' dir='ltr'><strong>aliquo</strong></span> <span class='ocrx_word' id='word_1_115' title='bbox 794 1279 879 1336; x_wconf 91' lang='lat' dir='ltr'><strong>opere</strong></span> <span class='ocrx_word' id='word_1_116' title='bbox 892 1259 1021 1336; x_wconf 74' lang='lat' dir='ltr'><strong>praecise,</strong></span> <span class='ocrx_word' id='word_1_117' title='bbox 1036 1261 1098 1336; x_wconf 88' lang='lat' dir='ltr'><strong>quia</strong></span> 
     </span>
    </p>
   </div>
   <div class='ocr_carea' id='block_1_5' title="bbox 150 1341 1098 1421">
    <p class='ocr_par' dir='ltr' id='par_1_6' title="bbox 150 1341 1098 1421">
     <span class='ocr_line' id='line_1_15' title="bbox 150 1341 1098 1421; baseline -0.001 -20"><span class='ocrx_word' id='word_1_118' title='bbox 150 1343 195 1421; x_wconf 66' lang='lat' dir='ltr'><strong>⁸in</strong></span> <span class='ocrx_word' id='word_1_119' title='bbox 206 1341 258 1401; x_wconf 89' lang='lat' dir='ltr'><strong>bac</strong></span> <span class='ocrx_word' id='word_1_120' title='bbox 278 1342 320 1399; x_wconf 87' lang='lat' dir='ltr'><strong>vel</strong></span> <span class='ocrx_word' id='word_1_121' title='bbox 334 1342 384 1400; x_wconf 89' lang='lat' dir='ltr'><strong>illc</strong></span> <span class='ocrx_word' id='word_1_122' title='bbox 402 1361 520 1420; x_wconf 88' lang='lat' dir='ltr'><strong>persona</strong></span> <span class='ocrx_word' id='word_1_123' title='bbox 533 1341 604 1399; x_wconf 88' lang='lat' dir='ltr'><strong>illud</strong></span> <span class='ocrx_word' id='word_1_124' title='bbox 625 1359 695 1418; x_wconf 87' lang='lat' dir='ltr'><strong>opus</strong></span> <span class='ocrx_word' id='word_1_125' title='bbox 713 1341 847 1400; x_wconf 88' lang='lat' dir='ltr'><strong>conducit</strong></span> <span class='ocrx_word' id='word_1_126' title='bbox 860 1342 896 1399; x_wconf 87' lang='lat' dir='ltr'><strong>de</strong></span> <span class='ocrx_word' id='word_1_127' title='bbox 910 1342 985 1400; x_wconf 84' lang='lat' dir='ltr'><strong>iacto</strong></span> <span class='ocrx_word' id='word_1_128' title='bbox 999 1343 1038 1400; x_wconf 90' lang='lat' dir='ltr'><strong>ad</strong></span> <span class='ocrx_word' id='word_1_129' title='bbox 1053 1344 1098 1400; x_wconf 92' lang='lat' dir='ltr'><strong>bo·</strong></span> 
     </span>
    </p>
   </div>
   <div class='ocr_carea' id='block_1_6' title="bbox 161 1423 1114 3892">
    <p class='ocr_par' dir='ltr' id='par_1_7' title="bbox 166 1423 1098 1810">
     <span class='ocr_line' id='line_1_16' title="bbox 166 1423 1097 1501; baseline -0.002 -17"><span class='ocrx_word' id='word_1_130' title='bbox 166 1443 234 1484; x_wconf 81' lang='lat' dir='ltr'><strong>aum</strong></span> <span class='ocrx_word' id='word_1_131' title='bbox 248 1443 413 1492; x_wconf 89' lang='lat' dir='ltr'><strong>commune;</strong></span> <span class='ocrx_word' id='word_1_132' title='bbox 433 1424 483 1481; x_wconf 91' lang='lat' dir='ltr'><strong>sed</strong></span> <span class='ocrx_word' id='word_1_133' title='bbox 498 1423 563 1500; x_wconf 92' lang='lat' dir='ltr'><strong>quia</strong></span> <span class='ocrx_word' id='word_1_134' title='bbox 575 1433 671 1480; x_wconf 88' lang='lat' dir='ltr'><strong>natum</strong></span> <span class='ocrx_word' id='word_1_135' title='bbox 685 1435 729 1482; x_wconf 90' lang='lat' dir='ltr'><strong>est</strong></span> <span class='ocrx_word' id='word_1_136' title='bbox 742 1424 909 1492; x_wconf 88' lang='lat' dir='ltr'><strong>conducere,</strong></span> <span class='ocrx_word' id='word_1_137' title='bbox 924 1435 954 1482; x_wconf 90' lang='lat' dir='ltr'><strong>et</strong></span> <span class='ocrx_word' id='word_1_138' title='bbox 966 1435 1002 1482; x_wconf 89' lang='lat' dir='ltr'><strong>ut</strong></span> <span class='ocrx_word' id='word_1_139' title='bbox 1015 1423 1097 1501; x_wconf 87' lang='lat' dir='ltr'><strong>pluri·</strong></span> 
     </span>
     <span class='ocr_line' id='line_1_17' title="bbox 166 1505 1097 1582; baseline 0.001 -19"><span class='ocrx_word' id='word_1_140' title='bbox 166 1507 243 1564; x_wconf 85' lang='lat' dir='ltr'><strong>mirm</strong></span> <span class='ocrx_word' id='word_1_141' title='bbox 258 1505 390 1563; x_wconf 83' lang='lat' dir='ltr'><strong>conducit</strong></span> <span class='ocrx_word' id='word_1_142' title='bbox 404 1505 439 1562; x_wconf 90' lang='lat' dir='ltr'><strong>ad</strong></span> <span class='ocrx_word' id='word_1_143' title='bbox 456 1507 560 1562; x_wconf 90' lang='lat' dir='ltr'><strong>bonum</strong></span> <span class='ocrx_word' id='word_1_144' title='bbox 575 1523 733 1562; x_wconf 89' lang='lat' dir='ltr'><strong>commune.</strong></span> <span class='ocrx_word' id='word_1_145' title='bbox 774 1505 869 1574; x_wconf 87' lang='lat' dir='ltr'><strong>Addo,</strong></span> <span class='ocrx_word' id='word_1_146' title='bbox 884 1507 960 1582; x_wconf 92' lang='lat' dir='ltr'><strong>quod</strong></span> <span class='ocrx_word' id='word_1_147' title='bbox 973 1506 1044 1563; x_wconf 88' lang='lat' dir='ltr'><strong>alias</strong></span> <span class='ocrx_word' id='word_1_148' title='bbox 1057 1527 1097 1564; x_wconf 91' lang='lat' dir='ltr'><strong>se·</strong></span> 
     </span>
     <span class='ocr_line' id='line_1_18' title="bbox 167 1586 1097 1668; baseline -0.001 -22"><span class='ocrx_word' id='word_1_149' title='bbox 167 1599 319 1668; x_wconf 87' lang='lat' dir='ltr'><strong>querentur</strong></span> <span class='ocrx_word' id='word_1_150' title='bbox 333 1587 408 1644; x_wconf 86' lang='lat' dir='ltr'><strong>varia</strong></span> <span class='ocrx_word' id='word_1_151' title='bbox 431 1587 617 1655; x_wconf 88' lang='lat' dir='ltr'><strong>incommoda,</strong></span> <span class='ocrx_word' id='word_1_152' title='bbox 639 1586 702 1644; x_wconf 83' lang='lat' dir='ltr'><strong>cirm</strong></span> <span class='ocrx_word' id='word_1_153' title='bbox 726 1586 918 1662; x_wconf 78' lang='lat' dir='ltr'><strong>uuusquisque</strong></span> <span class='ocrx_word' id='word_1_154' title='bbox 938 1587 1025 1645; x_wconf 77' lang='lat' dir='ltr'><strong>facile</strong></span> <span class='ocrx_word' id='word_1_155' title='bbox 1048 1588 1097 1645; x_wconf 85' lang='lat' dir='ltr'><strong>sibi</strong></span> 
     </span>
     <span class='ocr_line' id='line_1_19' title="bbox 169 1667 1098 1746; baseline 0.001 -20"><span class='ocrx_word' id='word_1_156' title='bbox 169 1669 359 1746; x_wconf 88' lang='lat' dir='ltr'><strong>persuaderet,</strong></span> <span class='ocrx_word' id='word_1_157' title='bbox 381 1668 465 1727; x_wconf 88' lang='lat' dir='ltr'><strong>finem</strong></span> <span class='ocrx_word' id='word_1_158' title='bbox 480 1667 550 1744; x_wconf 80' lang='lat' dir='ltr'><strong>legis</strong></span> <span class='ocrx_word' id='word_1_159' title='bbox 574 1679 703 1745; x_wconf 86' lang='lat' dir='ltr'><strong>respectu</strong></span> <span class='ocrx_word' id='word_1_160' title='bbox 717 1670 760 1725; x_wconf 85' lang='lat' dir='ltr'><strong>sui</strong></span> <span class='ocrx_word' id='word_1_161' title='bbox 773 1687 831 1726; x_wconf 91' lang='lat' dir='ltr'><strong>non</strong></span> <span class='ocrx_word' id='word_1_162' title='bbox 845 1669 980 1728; x_wconf 89' lang='lat' dir='ltr'><strong>obtinere.</strong></span> <span class='ocrx_word' id='word_1_163' title='bbox 1027 1667 1098 1727; x_wconf 88' lang='lat' dir='ltr'><strong>Vide</strong></span> 
     </span>
     <span class='ocr_line' id='line_1_20' title="bbox 170 1749 325 1810; baseline -0.013 0"><span class='ocrx_word' id='word_1_164' title='bbox 170 1749 259 1810; x_wconf 89' lang='lat' dir='ltr'><strong>Num.</strong></span> <span class='ocrx_word' id='word_1_165' title='bbox 275 1752 325 1808; x_wconf 88' lang='grc'><strong>35.</strong></span> 
     </span>
    </p>

    <p class='ocr_par' dir='ltr' id='par_1_8' title="bbox 166 1829 1102 2143">
     <span class='ocr_line' id='line_1_21' title="bbox 208 1829 1099 1908; baseline 0.001 -18"><span class='ocrx_word' id='word_1_166' title='bbox 208 1831 243 1890; x_wconf 87' lang='lat' dir='ltr'><strong>Iu</strong></span> <span class='ocrx_word' id='word_1_167' title='bbox 256 1851 286 1890; x_wconf 87' lang='lat' dir='ltr'><strong>re</strong></span> <span class='ocrx_word' id='word_1_168' title='bbox 299 1851 357 1890; x_wconf 90' lang='lat' dir='ltr'><strong>non</strong></span> <span class='ocrx_word' id='word_1_169' title='bbox 370 1831 503 1890; x_wconf 86' lang='lat' dir='ltr'><strong>differunt</strong></span> <span class='ocrx_word' id='word_1_170' title='bbox 517 1829 655 1900; x_wconf 84' lang='lat' dir='ltr'><strong>Herincx,</strong></span> <span class='ocrx_word' id='word_1_171' title='bbox 677 1829 808 1900; x_wconf 88' lang='lat' dir='ltr'><strong>Billuar&#39;t,</strong></span> <span class='ocrx_word' id='word_1_172' title='bbox 823 1841 853 1890; x_wconf 88' lang='lat' dir='ltr'><strong>et</strong></span> <span class='ocrx_word' id='word_1_173' title='bbox 866 1831 913 1889; x_wconf 92' lang='lat' dir='ltr'><strong>alii</strong></span> <span class='ocrx_word' id='word_1_174' title='bbox 926 1833 1044 1908; x_wconf 88' lang='lat' dir='ltr'><strong>quidem</strong></span> <span class='ocrx_word' id='word_1_175' title='bbox 1052 1853 1099 1891; x_wconf 84' lang='lat' dir='ltr'><strong>vo·</strong></span> 
     </span>
     <span class='ocr_line' id='line_1_22' title="bbox 166 1913 1100 1996; baseline 0.001 -25"><span class='ocrx_word' id='word_1_176' title='bbox 166 1914 265 1982; x_wconf 86' lang='lat' dir='ltr'><strong>lentes,</strong></span> <span class='ocrx_word' id='word_1_177' title='bbox 280 1914 364 1989; x_wconf 85' lang='lat' dir='ltr'><strong>qnbd,</strong></span> <span class='ocrx_word' id='word_1_178' title='bbox 379 1914 445 1970; x_wconf 88' lang='lat' dir='ltr'><strong>dum</strong></span> <span class='ocrx_word' id='word_1_179' title='bbox 456 1913 519 1971; x_wconf 88' lang='lat' dir='ltr'><strong>finis</strong></span> <span class='ocrx_word' id='word_1_180' title='bbox 530 1913 600 1988; x_wconf 70' lang='lat' dir='ltr'><strong>legis</strong></span> <span class='ocrx_word' id='word_1_181' title='bbox 611 1924 700 1970; x_wconf 90' lang='lat' dir='ltr'><strong>cessat</strong></span> <span class='ocrx_word' id='word_1_182' title='bbox 710 1913 819 1970; x_wconf 73' lang='lat' dir='ltr'><strong>tantum</strong></span> <span class='ocrx_word' id='word_1_183' title='bbox 832 1933 895 1996; x_wconf 79' lang='lat' dir='ltr'><strong>neg.</strong></span> <span class='ocrx_word' id='word_1_184' title='bbox 906 1913 934 1970; x_wconf 91' lang='lat' dir='ltr'><strong>in</strong></span> <span class='ocrx_word' id='word_1_185' title='bbox 948 1914 1100 1990; x_wconf 73' lang='lat' dir='ltr'><strong>particum·</strong></span> 
     </span>
     <span class='ocr_line' id='line_1_23' title="bbox 166 1993 1101 2074; baseline 0.003 -22"><span class='ocrx_word' id='word_1_186' title='bbox 166 1995 200 2063; x_wconf 88' lang='lat' dir='ltr'><strong>ri,</strong></span> <span class='ocrx_word' id='word_1_187' title='bbox 214 2015 310 2053; x_wconf 89' lang='lat' dir='ltr'><strong>revera</strong></span> <span class='ocrx_word' id='word_1_188' title='bbox 320 2015 460 2070; x_wconf 86' lang='lat' dir='ltr'><strong>nunquam</strong></span> <span class='ocrx_word' id='word_1_189' title='bbox 472 2007 561 2052; x_wconf 90' lang='lat' dir='ltr'><strong>cessat</strong></span> <span class='ocrx_word' id='word_1_190' title='bbox 571 1993 666 2051; x_wconf 88' lang='lat' dir='ltr'><strong>totalis</strong></span> <span class='ocrx_word' id='word_1_191' title='bbox 676 1994 738 2052; x_wconf 89' lang='lat' dir='ltr'><strong>finis</strong></span> <span class='ocrx_word' id='word_1_192' title='bbox 749 1995 832 2070; x_wconf 80' lang='lat' dir='ltr'><strong>legis3</strong></span> <span class='ocrx_word' id='word_1_193' title='bbox 846 1995 912 2070; x_wconf 82' lang='lat' dir='ltr'><strong>quia</strong></span> <span class='ocrx_word' id='word_1_194' title='bbox 918 2015 1033 2074; x_wconf 89' lang='lat' dir='ltr'><strong>semper</strong></span> <span class='ocrx_word' id='word_1_195' title='bbox 1043 2017 1101 2055; x_wconf 88' lang='lat' dir='ltr'><strong>ma-</strong></span> 
     </span>
     <span class='ocr_line' id='line_1_24' title="bbox 167 2075 1102 2143; baseline 0.002 -9"><span class='ocrx_word' id='word_1_196' title='bbox 167 2087 216 2134; x_wconf 89' lang='lat' dir='ltr'><strong>net</strong></span> <span class='ocrx_word' id='word_1_197' title='bbox 229 2077 283 2134; x_wconf 85' lang='lat' dir='ltr'><strong>iste</strong></span> <span class='ocrx_word' id='word_1_198' title='bbox 296 2076 369 2143; x_wconf 80' lang='lat' dir='ltr'><strong>linis,</strong></span> <span class='ocrx_word' id='word_1_199' title='bbox 384 2089 417 2133; x_wconf 87' lang='lat' dir='ltr'><strong>ut</strong></span> <span class='ocrx_word' id='word_1_200' title='bbox 428 2075 464 2134; x_wconf 90' lang='lat' dir='ltr'><strong>sit</strong></span> <span class='ocrx_word' id='word_1_201' title='bbox 474 2075 653 2133; x_wconf 83' lang='lat' dir='ltr'><strong>conformitas</strong></span> <span class='ocrx_word' id='word_1_202' title='bbox 663 2075 736 2133; x_wconf 89' lang='lat' dir='ltr'><strong>inter</strong></span> <span class='ocrx_word' id='word_1_203' title='bbox 746 2077 870 2134; x_wconf 87' lang='lat' dir='ltr'><strong>membra</strong></span> <span class='ocrx_word' id='word_1_204' title='bbox 881 2078 1102 2136; x_wconf 86' lang='lat' dir='ltr'><strong>communitatis.</strong></span> 
     </span>
    </p>

    <p class='ocr_par' dir='ltr' id='par_1_9' title="bbox 161 2156 1104 2804">
     <span class='ocr_line' id='line_1_25' title="bbox 208 2156 1102 2236; baseline 0.001 -20"><span class='ocrx_word' id='word_1_205' title='bbox 208 2157 348 2234; x_wconf 85' lang='lat' dir='ltr'><strong>Exempla</strong></span> <span class='ocrx_word' id='word_1_206' title='bbox 361 2157 443 2214; x_wconf 82' lang='lat' dir='ltr'><strong>obvia</strong></span> <span class='ocrx_word' id='word_1_207' title='bbox 456 2169 538 2214; x_wconf 86' lang='lat' dir='ltr'><strong>sunt:</strong></span> <span class='ocrx_word' id='word_1_208' title='bbox 560 2157 600 2215; x_wconf 93' lang='lat' dir='ltr'><strong>sic</strong></span> <span class='ocrx_word' id='word_1_209' title='bbox 618 2157 665 2214; x_wconf 84' lang='lat' dir='ltr'><strong>lex</strong></span> <span class='ocrx_word' id='word_1_210' title='bbox 681 2156 782 2234; x_wconf 89' lang='lat' dir='ltr'><strong>jejunii</strong></span> <span class='ocrx_word' id='word_1_211' title='bbox 795 2177 850 2215; x_wconf 89' lang='lat' dir='ltr'><strong>non</strong></span> <span class='ocrx_word' id='word_1_212' title='bbox 865 2170 955 2216; x_wconf 89' lang='lat' dir='ltr'><strong>cessat</strong></span> <span class='ocrx_word' id='word_1_213' title='bbox 969 2171 1102 2236; x_wconf 85' lang='lat' dir='ltr'><strong>respectu</strong></span> 
     </span>
     <span class='ocr_line' id='line_1_26' title="bbox 166 2237 1102 2316; baseline 0.003 -20"><span class='ocrx_word' id='word_1_214' title='bbox 166 2238 250 2308; x_wconf 91' lang='lat' dir='ltr'><strong>illius,</strong></span> <span class='ocrx_word' id='word_1_215' title='bbox 271 2240 319 2314; x_wconf 91' lang='lat' dir='ltr'><strong>qui</strong></span> <span class='ocrx_word' id='word_1_216' title='bbox 344 2250 387 2297; x_wconf 91' lang='lat' dir='ltr'><strong>est</strong></span> <span class='ocrx_word' id='word_1_217' title='bbox 411 2239 581 2296; x_wconf 88' lang='lat' dir='ltr'><strong>sufficienter</strong></span> <span class='ocrx_word' id='word_1_218' title='bbox 603 2253 778 2296; x_wconf 79' lang='lat' dir='ltr'><strong>maceratusr</strong></span> <span class='ocrx_word' id='word_1_219' title='bbox 798 2237 950 2316; x_wconf 90' lang='lat' dir='ltr'><strong>prohibitio</strong></span> <span class='ocrx_word' id='word_1_220' title='bbox 963 2240 1102 2298; x_wconf 88' lang='lat' dir='ltr'><strong>librorum</strong></span> 
     </span>
     <span class='ocr_line' id='line_1_27' title="bbox 161 2319 1103 2398; baseline 0.001 -20"><span class='ocrx_word' id='word_1_221' title='bbox 161 2319 359 2379; x_wconf 66' lang='lat' dir='ltr'><strong>hereticorum</strong></span> <span class='ocrx_word' id='word_1_222' title='bbox 379 2339 436 2378; x_wconf 86' lang='lat' dir='ltr'><strong>non</strong></span> <span class='ocrx_word' id='word_1_223' title='bbox 458 2332 549 2378; x_wconf 87' lang='lat' dir='ltr'><strong>cessat</strong></span> <span class='ocrx_word' id='word_1_224' title='bbox 569 2331 700 2396; x_wconf 87' lang='lat' dir='ltr'><strong>respectu</strong></span> <span class='ocrx_word' id='word_1_225' title='bbox 721 2320 805 2390; x_wconf 90' lang='lat' dir='ltr'><strong>illius,</strong></span> <span class='ocrx_word' id='word_1_226' title='bbox 827 2340 877 2398; x_wconf 93' lang='lat' dir='ltr'><strong>pro</strong></span> <span class='ocrx_word' id='word_1_227' title='bbox 899 2340 955 2396; x_wconf 90' lang='lat' dir='ltr'><strong>quo</strong></span> <span class='ocrx_word' id='word_1_228' title='bbox 974 2341 1034 2379; x_wconf 90' lang='lat' dir='ltr'><strong>non</strong></span> <span class='ocrx_word' id='word_1_229' title='bbox 1058 2335 1103 2379; x_wconf 84' lang='lat' dir='ltr'><strong>est</strong></span> 
     </span>
     <span class='ocr_line' id='line_1_28' title="bbox 162 2401 1102 2480; baseline 0 -20"><span class='ocrx_word' id='word_1_230' title='bbox 162 2403 318 2480; x_wconf 87' lang='lat' dir='ltr'><strong>periculum</strong></span> <span class='ocrx_word' id='word_1_231' title='bbox 333 2401 533 2478; x_wconf 79' lang='lat' dir='ltr'><strong>perversioris:</strong></span> <span class='ocrx_word' id='word_1_232' title='bbox 553 2401 784 2478; x_wconf 89' lang='lat' dir='ltr'><strong>impedimentum</strong></span> <span class='ocrx_word' id='word_1_233' title='bbox 796 2401 1031 2462; x_wconf 87' lang='lat' dir='ltr'><strong>clandestiuitatis</strong></span> <span class='ocrx_word' id='word_1_234' title='bbox 1044 2423 1102 2461; x_wconf 90' lang='lat' dir='ltr'><strong>non</strong></span> 
     </span>
     <span class='ocr_line' id='line_1_29' title="bbox 163 2483 901 2560; baseline -0.001 -19"><span class='ocrx_word' id='word_1_235' title='bbox 163 2498 255 2542; x_wconf 88' lang='lat' dir='ltr'><strong>cassat</strong></span> <span class='ocrx_word' id='word_1_236' title='bbox 268 2495 397 2560; x_wconf 89' lang='lat' dir='ltr'><strong>respectu</strong></span> <span class='ocrx_word' id='word_1_237' title='bbox 411 2483 496 2552; x_wconf 90' lang='lat' dir='ltr'><strong>illius,</strong></span> <span class='ocrx_word' id='word_1_238' title='bbox 518 2483 566 2558; x_wconf 91' lang='lat' dir='ltr'><strong>qui</strong></span> <span class='ocrx_word' id='word_1_239' title='bbox 580 2483 707 2560; x_wconf 90' lang='lat' dir='ltr'><strong>procedit</strong></span> <span class='ocrx_word' id='word_1_240' title='bbox 721 2483 782 2540; x_wconf 90' lang='lat' dir='ltr'><strong>sine</strong></span> <span class='ocrx_word' id='word_1_241' title='bbox 795 2483 901 2541; x_wconf 82' lang='lat' dir='ltr'><strong>frande.</strong></span> 
     </span>
     <span class='ocr_line' id='line_1_30' title="bbox 174 2563 1103 2642; baseline 0.001 -19"><span class='ocrx_word' id='word_1_242' title='bbox 174 2587 177 2594; x_wconf 55' lang='lat'>¹</span> <span class='ocrx_word' id='word_1_243' title='bbox 205 2563 272 2642; x_wconf 90' lang='lat' dir='ltr'><strong>Obj.</strong></span> <span class='ocrx_word' id='word_1_244' title='bbox 287 2566 424 2624; x_wconf 83' lang='lat' dir='ltr'><strong>Cessante</strong></span> <span class='ocrx_word' id='word_1_245' title='bbox 438 2566 493 2622; x_wconf 88' lang='lat' dir='ltr'><strong>fine</strong></span> <span class='ocrx_word' id='word_1_246' title='bbox 507 2565 577 2641; x_wconf 81' lang='lat' dir='ltr'><strong>legis</strong></span> <span class='ocrx_word' id='word_1_247' title='bbox 591 2564 672 2622; x_wconf 89' lang='lat' dir='ltr'><strong>totali</strong></span> <span class='ocrx_word' id='word_1_248' title='bbox 685 2563 714 2620; x_wconf 91' lang='lat' dir='ltr'><strong>in</strong></span> <span class='ocrx_word' id='word_1_249' title='bbox 725 2565 874 2622; x_wconf 87' lang='lat' dir='ltr'><strong>universali</strong></span> <span class='ocrx_word' id='word_1_250' title='bbox 886 2564 1028 2642; x_wconf 72' lang='lat' dir='ltr'><strong>negative,</strong></span> <span class='ocrx_word' id='word_1_251' title='bbox 1040 2586 1103 2623; x_wconf 88' lang='lat' dir='ltr'><strong>ces·</strong></span> 
     </span>
     <span class='ocr_line' id='line_1_31' title="bbox 164 2646 1104 2724; baseline 0.002 -20"><span class='ocrx_word' id='word_1_252' title='bbox 164 2658 206 2704; x_wconf 87' lang='lat' dir='ltr'><strong>sat</strong></span> <span class='ocrx_word' id='word_1_253' title='bbox 220 2646 267 2704; x_wconf 87' lang='lat' dir='ltr'><strong>lex</strong></span> <span class='ocrx_word' id='word_1_254' title='bbox 281 2647 309 2704; x_wconf 93' lang='lat' dir='ltr'><strong>in</strong></span> <span class='ocrx_word' id='word_1_255' title='bbox 324 2646 491 2703; x_wconf 87' lang='lat' dir='ltr'><strong>universali:</strong></span> <span class='ocrx_word' id='word_1_256' title='bbox 512 2664 579 2722; x_wconf 83' lang='lat' dir='ltr'><strong>ergo</strong></span> <span class='ocrx_word' id='word_1_257' title='bbox 593 2657 720 2704; x_wconf 89' lang='lat' dir='ltr'><strong>cessante</strong></span> <span class='ocrx_word' id='word_1_258' title='bbox 734 2647 789 2703; x_wconf 87' lang='lat' dir='ltr'><strong>fine</strong></span> <span class='ocrx_word' id='word_1_259' title='bbox 803 2647 883 2704; x_wconf 81' lang='lat' dir='ltr'><strong>totali</strong></span> <span class='ocrx_word' id='word_1_260' title='bbox 894 2647 924 2704; x_wconf 89' lang='lat' dir='ltr'><strong>in</strong></span> <span class='ocrx_word' id='word_1_261' title='bbox 937 2647 1104 2724; x_wconf 82' lang='lat' dir='ltr'><strong>particulari</strong></span> 
     </span>
     <span class='ocr_line' id='line_1_32' title="bbox 163 2727 831 2804; baseline 0 -20"><span class='ocrx_word' id='word_1_262' title='bbox 163 2727 302 2804; x_wconf 76' lang='lat' dir='ltr'><strong>negative,</strong></span> <span class='ocrx_word' id='word_1_263' title='bbox 325 2727 409 2785; x_wconf 87' lang='lat' dir='ltr'><strong>etiam</strong></span> <span class='ocrx_word' id='word_1_264' title='bbox 425 2727 544 2784; x_wconf 89' lang='lat' dir='ltr'><strong>cessabit</strong></span> <span class='ocrx_word' id='word_1_265' title='bbox 558 2727 605 2784; x_wconf 85' lang='lat' dir='ltr'><strong>lea</strong></span> <span class='ocrx_word' id='word_1_266' title='bbox 619 2727 647 2782; x_wconf 92' lang='lat' dir='ltr'><strong>in</strong></span> <span class='ocrx_word' id='word_1_267' title='bbox 662 2727 831 2804; x_wconf 86' lang='lat' dir='ltr'><strong>particulari.</strong></span> 
     </span>
    </p>

    <p class='ocr_par' dir='ltr' id='par_1_10' title="bbox 165 2808 1105 3038">
     <span class='ocr_line' id='line_1_33' title="bbox 205 2808 1104 2885; baseline -0.001 -17"><span class='ocrx_word' id='word_1_268' title='bbox 205 2809 244 2868; x_wconf 90' lang='lat' dir='ltr'><strong>R.</strong></span> <span class='ocrx_word' id='word_1_269' title='bbox 264 2808 338 2884; x_wconf 82' lang='lat' dir='ltr'><strong>Neg.</strong></span> <span class='ocrx_word' id='word_1_270' title='bbox 353 2827 465 2884; x_wconf 90' lang='lat' dir='ltr'><strong>conseq.</strong></span> <span class='ocrx_word' id='word_1_271' title='bbox 479 2809 626 2885; x_wconf 86' lang='lat' dir='ltr'><strong>disparitas</strong></span> <span class='ocrx_word' id='word_1_272' title='bbox 637 2809 703 2866; x_wconf 90' lang='lat' dir='ltr'><strong>data</strong></span> <span class='ocrx_word' id='word_1_273' title='bbox 715 2821 767 2878; x_wconf 86' lang='lat' dir='ltr'><strong>est,</strong></span> <span class='ocrx_word' id='word_1_274' title='bbox 781 2809 889 2867; x_wconf 90' lang='lat' dir='ltr'><strong>scilicet</strong></span> <span class='ocrx_word' id='word_1_275' title='bbox 900 2810 975 2884; x_wconf 77' lang='lat' dir='ltr'><strong>quod</strong></span> <span class='ocrx_word' id='word_1_276' title='bbox 988 2824 1104 2868; x_wconf 86' lang='lat' dir='ltr'><strong>maneat</strong></span> 
     </span>
     <span class='ocr_line' id='line_1_34' title="bbox 165 2889 1105 2969; baseline -0.001 -20"><span class='ocrx_word' id='word_1_277' title='bbox 165 2893 236 2950; x_wconf 92' lang='lat' dir='ltr'><strong>ratio</strong></span> <span class='ocrx_word' id='word_1_278' title='bbox 250 2889 458 2959; x_wconf 85' lang='lat' dir='ltr'><strong>uniformitatis,</strong></span> <span class='ocrx_word' id='word_1_279' title='bbox 480 2891 547 2947; x_wconf 90' lang='lat' dir='ltr'><strong>dum</strong></span> <span class='ocrx_word' id='word_1_280' title='bbox 568 2890 632 2948; x_wconf 87' lang='lat' dir='ltr'><strong>finis</strong></span> <span class='ocrx_word' id='word_1_281' title='bbox 654 2889 725 2966; x_wconf 81' lang='lat' dir='ltr'><strong>legis</strong></span> <span class='ocrx_word' id='word_1_282' title='bbox 739 2903 830 2948; x_wconf 88' lang='lat' dir='ltr'><strong>cessat</strong></span> <span class='ocrx_word' id='word_1_283' title='bbox 843 2893 955 2950; x_wconf 85' lang='lat' dir='ltr'><strong>tautdm</strong></span> <span class='ocrx_word' id='word_1_284' title='bbox 968 2891 1000 2948; x_wconf 88' lang='lat' dir='ltr'><strong>in</strong></span> <span class='ocrx_word' id='word_1_285' title='bbox 1015 2893 1105 2969; x_wconf 87' lang='lat' dir='ltr'><strong>parti-</strong></span> 
     </span>
     <span class='ocr_line' id='line_1_35' title="bbox 166 2971 1061 3038; baseline 0.001 -8"><span class='ocrx_word' id='word_1_286' title='bbox 166 2973 262 3038; x_wconf 88' lang='lat' dir='ltr'><strong>culari,</strong></span> <span class='ocrx_word' id='word_1_287' title='bbox 284 2972 362 3028; x_wconf 87' lang='lat' dir='ltr'><strong>nulla</strong></span> <span class='ocrx_word' id='word_1_288' title='bbox 377 2971 442 3029; x_wconf 82' lang='lat' dir='ltr'><strong>verb</strong></span> <span class='ocrx_word' id='word_1_289' title='bbox 455 2971 527 3028; x_wconf 89' lang='lat' dir='ltr'><strong>ratio</strong></span> <span class='ocrx_word' id='word_1_290' title='bbox 541 2982 652 3030; x_wconf 87' lang='lat' dir='ltr'><strong>maneat</strong></span> <span class='ocrx_word' id='word_1_291' title='bbox 665 2973 732 3028; x_wconf 88' lang='lat' dir='ltr'><strong>dum</strong></span> <span class='ocrx_word' id='word_1_292' title='bbox 748 2984 839 3030; x_wconf 89' lang='lat' dir='ltr'><strong>cessat</strong></span> <span class='ocrx_word' id='word_1_293' title='bbox 852 2973 881 3030; x_wconf 90' lang='lat' dir='ltr'><strong>in</strong></span> <span class='ocrx_word' id='word_1_294' title='bbox 895 2973 1061 3031; x_wconf 80' lang='lat' dir='ltr'><strong>universali.</strong></span> 
     </span>
    </p>

    <p class='ocr_par' dir='ltr' id='par_1_11' title="bbox 165 3053 1109 3276">
     <span class='ocr_line' id='line_1_36' title="bbox 207 3053 1107 3131; baseline 0.001 -20"><span class='ocrx_word' id='word_1_295' title='bbox 207 3053 298 3112; x_wconf 90' lang='lat' dir='ltr'><strong>Aliud</strong></span> <span class='ocrx_word' id='word_1_296' title='bbox 318 3065 361 3110; x_wconf 90' lang='lat' dir='ltr'><strong>est</strong></span> <span class='ocrx_word' id='word_1_297' title='bbox 382 3053 418 3110; x_wconf 94' lang='lat' dir='ltr'><strong>de</strong></span> <span class='ocrx_word' id='word_1_298' title='bbox 439 3064 582 3131; x_wconf 67' lang='lat' dir='ltr'><strong>precepto</strong></span> <span class='ocrx_word' id='word_1_299' title='bbox 596 3053 680 3110; x_wconf 92' lang='lat' dir='ltr'><strong>alicui</strong></span> <span class='ocrx_word' id='word_1_300' title='bbox 694 3053 851 3129; x_wconf 88' lang='lat' dir='ltr'><strong>particulari</strong></span> <span class='ocrx_word' id='word_1_301' title='bbox 875 3055 951 3124; x_wconf 88' lang='lat' dir='ltr'><strong>dato,</strong></span> <span class='ocrx_word' id='word_1_302' title='bbox 972 3056 1053 3130; x_wconf 90' lang='lat' dir='ltr'><strong>quod</strong></span> <span class='ocrx_word' id='word_1_303' title='bbox 1077 3055 1107 3112; x_wconf 92' lang='lat' dir='ltr'><strong>in</strong></span> 
     </span>
     <span class='ocr_line' id='line_1_37' title="bbox 165 3135 1109 3214; baseline 0.002 -22"><span class='ocrx_word' id='word_1_304' title='bbox 165 3135 250 3192; x_wconf 91' lang='lat' dir='ltr'><strong>simili</strong></span> <span class='ocrx_word' id='word_1_305' title='bbox 264 3155 330 3192; x_wconf 90' lang='lat' dir='ltr'><strong>casu</strong></span> <span class='ocrx_word' id='word_1_306' title='bbox 345 3154 453 3192; x_wconf 88' lang='lat' dir='ltr'><strong>cessare</strong></span> <span class='ocrx_word' id='word_1_307' title='bbox 466 3146 574 3211; x_wconf 83' lang='lat' dir='ltr'><strong>potest;</strong></span> <span class='ocrx_word' id='word_1_308' title='bbox 591 3135 633 3192; x_wconf 90' lang='lat' dir='ltr'><strong>uti</strong></span> <span class='ocrx_word' id='word_1_309' title='bbox 647 3145 677 3192; x_wconf 87' lang='lat' dir='ltr'><strong>ct</strong></span> <span class='ocrx_word' id='word_1_310' title='bbox 690 3135 735 3193; x_wconf 87' lang='lat' dir='ltr'><strong>lex</strong></span> <span class='ocrx_word' id='word_1_311' title='bbox 746 3135 841 3194; x_wconf 83' lang='lat' dir='ltr'><strong>innixa</strong></span> <span class='ocrx_word' id='word_1_312' title='bbox 854 3135 932 3194; x_wconf 81' lang='lat' dir='ltr'><strong>falsae</strong></span> <span class='ocrx_word' id='word_1_313' title='bbox 942 3155 1109 3214; x_wconf 72' lang='lat' dir='ltr'><strong>praesump-</strong></span> 
     </span>
     <span class='ocr_line' id='line_1_38' title="bbox 165 3215 550 3276; baseline -0.01 0"><span class='ocrx_word' id='word_1_314' title='bbox 165 3217 236 3276; x_wconf 86' lang='lat' dir='ltr'><strong>tioni</strong></span> <span class='ocrx_word' id='word_1_315' title='bbox 250 3235 287 3274; x_wconf 85' lang='lat' dir='ltr'><strong>ex</strong></span> <span class='ocrx_word' id='word_1_316' title='bbox 301 3216 384 3273; x_wconf 93' lang='lat' dir='ltr'><strong>dictis</strong></span> <span class='ocrx_word' id='word_1_317' title='bbox 399 3215 487 3274; x_wconf 91' lang='lat' dir='ltr'><strong>Num.</strong></span> <span class='ocrx_word' id='word_1_318' title='bbox 501 3217 550 3272; x_wconf 77' lang='lat'><strong>85.</strong></span> 
     </span>
    </p>

    <p class='ocr_par' dir='ltr' id='par_1_12' title="bbox 167 3296 1112 3700">
     <span class='ocr_line' id='line_1_39' title="bbox 207 3296 1107 3376; baseline -0.001 -18"><span class='ocrx_word' id='word_1_319' title='bbox 207 3297 274 3375; x_wconf 88' lang='lat' dir='ltr'><strong>Obj.</strong></span> <span class='ocrx_word' id='word_1_320' title='bbox 287 3297 327 3355; x_wconf 91' lang='lat'><strong>11.</strong></span> <span class='ocrx_word' id='word_1_321' title='bbox 348 3297 448 3356; x_wconf 88' lang='lat' dir='ltr'><strong>Cesset</strong></span> <span class='ocrx_word' id='word_1_322' title='bbox 472 3298 518 3354; x_wconf 84' lang='lat' dir='ltr'><strong>lex</strong></span> <span class='ocrx_word' id='word_1_323' title='bbox 540 3296 724 3373; x_wconf 85' lang='lat' dir='ltr'><strong>correptionis</strong></span> <span class='ocrx_word' id='word_1_324' title='bbox 742 3298 870 3356; x_wconf 81' lang='lat' dir='ltr'><strong>iratemae</strong></span> <span class='ocrx_word' id='word_1_325' title='bbox 884 3299 913 3354; x_wconf 90' lang='lat' dir='ltr'><strong>in</strong></span> <span class='ocrx_word' id='word_1_326' title='bbox 926 3299 1107 3376; x_wconf 87' lang='lat' dir='ltr'><strong>particulari,</strong></span> 
     </span>
     <span class='ocr_line' id='line_1_40' title="bbox 167 3379 1039 3456; baseline 0.005 -20"><span class='ocrx_word' id='word_1_327' title='bbox 167 3381 233 3436; x_wconf 92' lang='lat' dir='ltr'><strong>dum</strong></span> <span class='ocrx_word' id='word_1_328' title='bbox 247 3380 311 3436; x_wconf 83' lang='lat' dir='ltr'><strong>finis</strong></span> <span class='ocrx_word' id='word_1_329' title='bbox 325 3379 526 3436; x_wconf 87' lang='lat' dir='ltr'><strong>emendationis</strong></span> <span class='ocrx_word' id='word_1_330' title='bbox 540 3390 630 3436; x_wconf 87' lang='lat' dir='ltr'><strong>cessat</strong></span> <span class='ocrx_word' id='word_1_331' title='bbox 643 3379 674 3435; x_wconf 93' lang='lat' dir='ltr'><strong>in</strong></span> <span class='ocrx_word' id='word_1_332' title='bbox 687 3379 863 3456; x_wconf 88' lang='lat' dir='ltr'><strong>particulari:</strong></span> <span class='ocrx_word' id='word_1_333' title='bbox 884 3399 962 3456; x_wconf 87' lang='lat' dir='ltr'><strong>ergo,</strong></span> <span class='ocrx_word' id='word_1_334' title='bbox 985 3382 1039 3440; x_wconf 76' lang='lat' dir='ltr'><strong>&amp;c</strong></span> 
     </span>
     <span class='ocr_line' id='line_1_41' title="bbox 169 3459 1111 3538; baseline 0.004 -21"><span class='ocrx_word' id='word_1_335' title='bbox 169 3483 175 3490; x_wconf 92' lang='lat'>·</span> <span class='ocrx_word' id='word_1_336' title='bbox 208 3462 246 3517; x_wconf 90' lang='lat' dir='ltr'><strong>R.</strong></span> <span class='ocrx_word' id='word_1_337' title='bbox 261 3461 334 3536; x_wconf 84' lang='lat' dir='ltr'><strong>Neg.</strong></span> <span class='ocrx_word' id='word_1_338' title='bbox 345 3479 460 3536; x_wconf 85' lang='lat' dir='ltr'><strong>suppos.</strong></span> <span class='ocrx_word' id='word_1_339' title='bbox 469 3479 533 3518; x_wconf 90' lang='lat' dir='ltr'><strong>nam</strong></span> <span class='ocrx_word' id='word_1_340' title='bbox 547 3459 612 3517; x_wconf 90' lang='lat' dir='ltr'><strong>talis</strong></span> <span class='ocrx_word' id='word_1_341' title='bbox 626 3479 707 3518; x_wconf 83' lang='lat' dir='ltr'><strong>casus</strong></span> <span class='ocrx_word' id='word_1_342' title='bbox 721 3479 776 3518; x_wconf 88' lang='lat' dir='ltr'><strong>uon</strong></span> <span class='ocrx_word' id='word_1_343' title='bbox 788 3461 1036 3538; x_wconf 87' lang='lat' dir='ltr'><strong>comprehenditur</strong></span> <span class='ocrx_word' id='word_1_344' title='bbox 1050 3465 1111 3521; x_wconf 90' lang='lat' dir='ltr'><strong>sub</strong></span> 
     </span>
     <span class='ocr_line' id='line_1_42' title="bbox 167 3540 1112 3620; baseline 0.004 -20"><span class='ocrx_word' id='word_1_345' title='bbox 167 3545 230 3616; x_wconf 81' lang='lat' dir='ltr'><strong>lege</strong></span> <span class='ocrx_word' id='word_1_346' title='bbox 254 3541 435 3617; x_wconf 89' lang='lat' dir='ltr'><strong>correptionis</strong></span> <span class='ocrx_word' id='word_1_347' title='bbox 457 3542 594 3612; x_wconf 71' lang='lat' dir='ltr'><strong>fraterna,</strong></span> <span class='ocrx_word' id='word_1_348' title='bbox 615 3559 679 3618; x_wconf 81' lang='lat' dir='ltr'><strong>quta</strong></span> <span class='ocrx_word' id='word_1_349' title='bbox 701 3540 811 3600; x_wconf 71' lang='lat' dir='ltr'><strong>tantum</strong></span> <span class='ocrx_word' id='word_1_350' title='bbox 829 3543 942 3620; x_wconf 78' lang='lat' dir='ltr'><strong>obligat,</strong></span> <span class='ocrx_word' id='word_1_351' title='bbox 964 3545 1035 3602; x_wconf 88' lang='lat' dir='ltr'><strong>dum</strong></span> <span class='ocrx_word' id='word_1_352' title='bbox 1063 3559 1112 3604; x_wconf 89' lang='lat' dir='ltr'><strong>est</strong></span> 
     </span>
     <span class='ocr_line' id='line_1_43' title="bbox 167 3623 456 3700; baseline -0.003 -19"><span class='ocrx_word' id='word_1_353' title='bbox 167 3641 231 3700; x_wconf 86' lang='lat' dir='ltr'><strong>apes</strong></span> <span class='ocrx_word' id='word_1_354' title='bbox 246 3623 456 3680; x_wconf 88' lang='lat' dir='ltr'><strong>emendationis.</strong></span> 
     </span>
    </p>

    <p class='ocr_par' dir='ltr' id='par_1_13' title="bbox 208 3696 1114 3786">
     <span class='ocr_line' id='line_1_44' title="bbox 208 3696 1114 3786; baseline 0.008 -27"><span class='ocrx_word' id='word_1_355' title='bbox 208 3702 277 3760; x_wconf 88' lang='lat' dir='ltr'><strong>VII.</strong></span> <span class='ocrx_word' id='word_1_356' title='bbox 296 3696 431 3760; x_wconf 83' lang='lat' dir='ltr'><strong>Cessante</strong></span> <span class='ocrx_word' id='word_1_357' title='bbox 452 3704 508 3761; x_wconf 84' lang='lat' dir='ltr'><strong>tine</strong></span> <span class='ocrx_word' id='word_1_358' title='bbox 531 3703 603 3780; x_wconf 84' lang='lat' dir='ltr'><strong>legis</strong></span> <span class='ocrx_word' id='word_1_359' title='bbox 616 3705 809 3777; x_wconf 74' lang='lat' dir='ltr'><strong>“conmuie,”</strong></span> <span class='ocrx_word' id='word_1_360' title='bbox 830 3707 942 3764; x_wconf 87' lang='lat' dir='ltr'><strong>etiamsi</strong></span> <span class='ocrx_word' id='word_1_361' title='bbox 963 3707 996 3764; x_wconf 89' lang='lat' dir='ltr'><strong>in</strong></span> <span class='ocrx_word' id='word_1_362' title='bbox 1016 3710 1114 3786; x_wconf 89' lang='lat' dir='ltr'><strong>parti·</strong></span> 
     </span>
    </p>

    <p class='ocr_par' dir='ltr' id='par_1_14' title="bbox 198 3779 1114 3892">
     <span class='ocr_line' id='line_1_45' title="bbox 198 3779 1114 3868; baseline 0.009 -28"><span class='ocrx_word' id='word_1_363' title='bbox 198 3783 256 3842; x_wconf 89' lang='lat' dir='ltr'><strong>dari</strong></span> <span class='ocrx_word' id='word_1_364' title='bbox 270 3779 388 3856; x_wconf 74' lang='lat' dir='ltr'><strong>artum,</strong></span> <span class='ocrx_word' id='word_1_365' title='bbox 409 3799 499 3844; x_wconf 87' lang='lat' dir='ltr'><strong>cessat</strong></span> <span class='ocrx_word' id='word_1_366' title='bbox 519 3785 581 3864; x_wconf 90' lang='lat' dir='ltr'><strong>ipsa</strong></span> <span class='ocrx_word' id='word_1_367' title='bbox 601 3785 666 3847; x_wconf 82' lang='lat' dir='ltr'><strong>lex:</strong></span> <span class='ocrx_word' id='word_1_368' title='bbox 688 3787 727 3847; x_wconf 87' lang='lat' dir='ltr'><strong>ita</strong></span> <span class='ocrx_word' id='word_1_369' title='bbox 740 3788 764 3847; x_wconf 88' lang='lat' dir='ltr'><strong>si</strong></span> <span class='ocrx_word' id='word_1_370' title='bbox 778 3807 923 3868; x_wconf 69' lang='lat' dir='ltr'><strong>pregnans</strong></span> <span class='ocrx_word' id='word_1_371' title='bbox 942 3787 1114 3868; x_wconf 84' lang='lat' dir='ltr'><strong>jejunando</strong></span> 
     </span>
     <span class='ocr_line' id='line_1_46' title="bbox 550 3865 555 3892; baseline 0 0"><span class='ocrx_word' id='word_1_372' title='bbox 550 3865 555 3892; x_wconf 86' lang='lat' dir='ltr'><strong>l</strong></span> 
     </span>
    </p>
   </div>
   <div class='ocr_carea' id='block_1_7' title="bbox 0 0 1137 4070">
    <p class='ocr_par' dir='ltr' id='par_1_15' title="bbox 0 0 1137 4070">
     <span class='ocr_line' id='line_1_47' title="bbox 0 0 1137 4070; baseline 0 0"><span class='ocrx_word' id='word_1_373' title='bbox 0 0 1137 4070; x_wconf 95' lang='lat' dir='ltr'><strong> </strong></span> 
     </span>
    </p>
   </div>
  </div>
 </body>
</html>
