2224 4050
41 171 44 174 Ι
143 86 183 146 22
514 107 704 150 rnscrnros

184 250 268 310 VIII.
293 249 330 310 R.
352 249 542 312 Pleusibiliter
565 253 727 322 sustinetur,
751 251 823 311 bano
842 251 1086 330 propositionem,

143 333 212 392 Pius
226 327 280 392 VI·
299 339 371 392 “est
384 351 466 392 verus
487 355 631 392 successor
645 335 714 392 Divi
729 335 807 392 Petri
820 347 849 392 et
868 333 974 394 Christi
988 334 1087 392 Vice-

53 469 59 478 .
144 419 163 448 “
174 411 261 484 rius!
283 433 344 474 esse
358 416 394 473 de
408 416 482 483 fide;
505 416 571 492 quia
584 417 743 474 continetur
763 415 917 474 formaliter
929 415 958 472 in
973 413 1086 492 majori

142 495 285 573 praemissa
300 508 429 571 tanquam
443 517 508 574 pers
517 498 546 554 in
557 510 627 565 toto,
643 497 752 556 scilicet
765 498 793 554 in
805 496 876 555 boot
890 497 980 554 omnis
996 497 1085 554 Pon-

110 609 111 614 *
143 579 212 636 tifex
222 575 457 654 legitimbelectus
466 590 595 636 estvems
608 578 759 638 Successor
769 579 838 637 Diri
849 579 926 637 Petri
931 591 960 636 et
965 576 1087 638 christi

142 651 280 727 Victorius,
298 679 362 735 quae
376 672 419 718 est
432 661 468 718 de
481 661 536 718 fide
545 659 629 737 juxta
642 681 748 718 omnes.

184 739 251 818 Obj.
264 741 400 806 Quamvis
413 741 450 798 sit
463 743 574 811 deiide,
591 761 703 799 omnem
716 742 851 800 infantem
864 741 989 818 legitime
1001 742 1087 816 bap·

141 822 260 880 biretum
274 843 336 881 esse
351 822 544 900 justificatum,
568 843 625 881 non
638 835 682 882 est
695 835 789 881 mosen
803 824 838 881 de
852 823 916 891 fide,
935 823 1011 899 qubd
1029 821 1087 878 hie

143 904 235 962 infers
248 904 285 962 sit
304 903 483 982 justificatus,
509 906 533 963 si
547 925 603 963 non
617 907 695 964 certb
709 916 827 973 constet,
853 903 928 981 quod
949 905 986 962 sit
999 903 1086 979 legi-

143 985 213 1042 time
239 986 413 1063 baptisatam
443 987 521 1063 atqui
548 988 632 1044 etiam
660 1007 716 1044 non
743 987 822 1045 oertb
848 998 965 1056 constat,
993 984 1086 1061 qubd

143 1067 295 1124 modernus
311 1067 441 1126 Pontifex
455 1069 492 1125 sit
506 1069 631 1145 legitime
645 1069 769 1126 electus:
784 1087 860 1144 ergo,
874 1069 926 1126 &a

185 1147 222 1206 R.
237 1147 313 1224 Neg.
333 1149 486 1208 minoremt
506 1151 577 1208 ratio
592 1149 760 1227 disparitatis
774 1161 826 1219 est,
841 1149 925 1225 qubd‚
949 1167 984 1206 en
998 1166 1086 1224 puer

144 1228 181 1285 sit
191 1228 316 1305 legitime
329 1230 486 1306 baptizatus
495 1232 651 1308 dependeat
661 1230 678 1288 b
687 1232 762 1289 lecto
772 1229 892 1288 bominis
905 1229 1020 1307 privati;
1039 1227 1084 1286 de

144 1329 201 1384 quo
214 1321 319 1368 certam
332 1313 408 1387 ssepb
421 1331 477 1369 non
498 1311 632 1370 lrabemus
653 1313 799 1370 notitiamt
825 1311 924 1372 verbm
944 1309 1086 1386 legitima

144 1391 290 1450 Pontificis
303 1391 404 1450 electio
418 1392 545 1451 innititur
557 1393 738 1470 propositioni
754 1393 917 1450 universalis
932 1391 1085 1450 Ecclesiae

143 1473 309 1532 modernum
324 1473 490 1532 Pontificem
504 1486 536 1532 ut
549 1473 707 1550 legitimum
720 1474 914 1550 agnoscentis3
927 1471 981 1549 qui
995 1473 1026 1530 in
1044 1491 1084 1530 re

143 1573 236 1612 erare
249 1574 305 1612 non
319 1565 420 1632 potest,
434 1575 470 1612 ne
480 1556 604 1631 alioquin
616 1575 669 1633 pro
682 1556 773 1632 capite
787 1566 919 1633 agnoscat
932 1573 1006 1625 eom,
1022 1555 1084 1630 qui

144 1655 201 1694 non
214 1647 267 1705 est,
281 1637 365 1713 idque
379 1637 439 1694 eine
451 1637 586 1695 remedio.
619 1711 623 1718 ἢ

185 1717 240 1776 IX.
260 1717 423 1778 Notandum
437 1729 540 1788 minen,
564 1737 621 1776 non
635 1737 696 1776 esso
710 1718 815 1776 deiide
829 1717 977 1794 obligante,
995 1717 1087 1776 Pon·

144 1797 251 1858 titioem
272 1801 436 1860 modernum
450 1820 512 1859 esse
533 1800 602 1859 Divi
618 1801 695 1858 Petri
719 1800 915 1858 successorem
928 1810 958 1858 et
971 1796 1095 1858 Christi

145 1879 306 1951 Vioariam;
320 1901 383 1942 nam
398 1882 428 1940 id
441 1901 499 1940 nen
512 1895 555 1941 est
568 1882 740 1941 sufficienter
753 1881 807 1940 toti
822 1880 959 1940 Ecclesiae
972 1899 1091 1958 propo-

144 1962 232 2022 situm
245 1983 310 2023 oum
335 1964 504 2040 obligatione
518 1964 668 2023 credendi:
693 1984 730 2024 ex
744 1984 800 2041 quo
813 1973 898 2042 petet,
920 1981 1002 2039 possa
1015 1961 1092 2020 dari

143 2042 275 2184 egistus,
288 2039 357 2104 'sire
371 2045 573 2124 separationem
597 2045 615 2104 i
637 2045 811 2124 subjectione
834 2042 987 2116 Pontificio,
1012 2043 1091 2103 sine

192 2145 256 2184 m
303 2153 305 2160 ,

170 2286 209 2346 n.
220 2252 273 2350 315.
314 2288 375 2348 An
388 2289 501 2349 e1os1
516 2290 659 2350 eossrr
674 2287 852 2350 sorsssr
867 2286 1057 2348 sessores.

360 2450 395 2512 S.
414 2452 513 2512 ssent
527 2457 555 2512 2.
570 2455 598 2511 2.
612 2462 710 2535 quest.
727 2457 753 2512 1.
766 2460 821 2509 ort.
836 2452 865 2510 3.

148 2565 625 2654 tempestatemque.
665 2575 705 2633 11.
733 2573 880 2645 Quomodo
901 2573 1016 2630 aester
1031 2571 1092 2629 ‹12-

177 2650 263 2711 'disse
276 2655 409 2732 spiritum
424 2657 572 2714 mendacii.
613 2655 670 2716 111.
686 2654 813 2714 Habitus
821 2653 911 2714 Fidei
920 2662 1096 2732 conpotest

190 2733 332 2794 inclinare
342 2735 373 2795 in
382 2737 506 2816 falsum.

68 2869 70 2876 ⁴
190 2856 406 2918 POTESTNE
419 2859 485 2918 fidei
498 2862 614 2918 subesse
628 2858 754 2918 falsum?

191 2939 229 2999 R.
243 2939 343 3015 Neque
352 2961 388 2999 ex
400 2955 479 3018 parte
489 2942 555 3010 Dei,
570 2961 663 3020 neque
674 2950 796 3018 exparte
806 2936 927 2996 bominis
938 2937 1093 2998 credentis

149 3032 244 3099 potest
255 3022 323 3079 fidei
336 3024 450 3080 subesse
464 3023 573 3082 falsum.
763 3067 767 3078 .
1106 3029 1107 3034 '

192 3102 216 3160 1.
230 3101 313 3162 Circa
334 3106 453 3180 priorem
477 3117 584 3180 partem
597 3102 740 3179 queritur,
764 3122 800 3160 an
824 3102 905 3160 Deus
918 3119 968 3177 per
987 3119 1020 3158 se
1035 3101 1094 3164 vel

150 3184 300 3322 prppalipm
316 3185 425 3244 mentiri
435 3199 485 3244 aut
498 3185 598 3243 falsum
612 3185 705 3242 dicere
715 3184 813 3263 possit,
827 3184 923 3258 sicque
936 3181 1094 3242 hominem
1099 3221 1106 3303 p

163 3285 179 3322 a
202 3286 232 3322 er
260 3311 267 3326 .
629 3293 633 3301 ·

192 3287 350 3424 Reiponsio
371 3347 499 3424 negative
519 3358 562 3405 est
586 3347 621 3405 de
636 3347 702 3417 fide,
726 3359 756 3406 et
778 3348 912 3424 probatur
933 3363 969 3402 ex
990 3341 1094 3404 Num.

149 3447 212 3506 cap.
226 3431 275 3486 23.
289 3428 326 3490 V.
344 3431 389 3497 19,
403 3437 420 3464 “
434 3429 498 3488 Non
512 3442 556 3487 est
570 3429 652 3487 Deus
660 3430 739 3505 qrresi
750 3427 843 3497 homo,
856 3437 889 3486 ut
900 3424 1105 3494 mendorum

151 3511 220 3568 item
243 3512 279 3570 ad
301 3511 390 3570 Hebr.
413 3531 439 3570 c.
462 3513 491 3569 6.
514 3511 553 3568 V.
587 3512 633 3568 18.
667 3509 871 3588 “Impossibile
895 3519 940 3567 est
962 3508 1105 3568 mentiri*

152 3598 171 3626 ‘⁴
182 3592 302 3650 Deam.”

193 3674 331 3732 Probatur
343 3673 361 3732 ir
372 3675 499 3733 rationes
519 3673 542 3731 si
556 3674 638 3733 Deus
651 3693 702 3751 per
715 3693 745 3730 se
758 3673 803 3730 rel
820 3691 870 3750 por
882 3670 969 3730 elium
983 3685 1099 3748 posses

151 3754 246 3815 dicere
268 3755 377 3826 fulsum,
399 3757 431 3814 id
443 3757 524 3816 fieret
538 3756 584 3814 rel
598 3755 663 3832 quis
675 3756 735 3832 ipse
749 3753 933 3830 deciperetur,
952 3751 999 3810 vel
1016 3754 1104 3828 quial

144 3835 223 3896 elios
237 3838 365 3917 decipere
378 3839 480 3898 velletr
493 3849 644 3915 utromque
652 3848 746 3897 antem
756 3847 800 3894 ost
810 3832 982 3913 impossibile
994 3855 1003 3904 ς
1016 3851 1100 3894 nam
