2226 4064
839 61 844 88 l

267 136 308 176 uu
330 134 474 178 vrsruru
494 133 705 176 cursrrsrrs.
892 113 952 173 225

59 279 100 337 ll.
123 279 229 339 Probet
244 280 273 339 S.
287 281 389 338 Thom.
406 291 456 338 art.
472 283 500 338 3.
516 279 612 339 Deum
626 291 741 357 propter
754 278 875 354 seipsum
891 297 953 336 esse

22 361 196 436 diligendum
213 364 364 421 seeundum
379 361 433 420 triu
447 381 592 420 causarum
606 381 726 437 genere:
752 365 786 417 1⁰.
807 360 836 416 in
851 379 953 436 genere

22 461 112 499 uuusae
126 443 237 502 finalis:
259 444 323 520 quia
337 445 418 501 Deus
433 465 487 500 non
503 444 646 501 ordinatur
659 443 694 502 ad
709 443 794 510 uliud,
819 443 868 498 sed
893 442 953 518 ipse

21 536 61 580 est
75 523 141 579 finis
163 525 279 583 ultimus
302 525 443 583 omnium:
466 528 505 582 2⁰.
519 525 547 581 in
572 543 674 599 genere
696 543 788 581 euusae
810 523 954 579 formulise

21 605 83 678 quie
98 605 161 680 ipse
176 619 219 664 est
234 607 415 674 euthonius,
431 625 493 682 quae
508 619 551 664 est
565 605 705 682 objectum
725 605 840 670 formale
865 603 954 661 churi-

21 685 104 743 tetis:
128 689 168 744 3⁰.
183 689 211 744 in
226 708 328 763 genere
341 707 433 746 cuusae
447 687 618 746 efficientist
634 687 700 763 quia
724 687 783 762 ipse
804 697 847 744 est
871 705 956 743 uuusu

20 767 147 825 ellicieus
162 771 252 826 omnis
265 771 331 827 boni
353 770 447 828 creati.
968 793 980 822 f

59 849 112 906 Au
127 850 210 908 Deus
223 871 279 908 nou
293 863 387 929 potest
401 851 480 928 diligi
494 863 609 928 propter
621 850 708 918 eliud,
732 847 815 924 quim
841 860 955 926 propter

19 931 70 988 se?

59 1011 100 1068 R.
133 1012 200 1070 Non
228 1025 322 1090 potest
346 1014 426 1090 diligi
450 1025 565 1090 propter
588 1013 664 1070 uliud
688 1025 820 1087 tunquam
843 1030 955 1068 curteum

19 1094 144 1162 finalem,
169 1095 213 1152 vel
237 1107 369 1172 tunquam
394 1098 530 1153 motivum
555 1096 642 1152 totale
666 1094 853 1168 udaequatum
875 1112 909 1149 ae
932 1093 956 1148 si

18 1175 104 1232 Deus
118 1176 200 1233 aliter
214 1177 357 1253 diligibilis
370 1197 427 1234 non
440 1179 512 1235 leret
524 1199 532 1236 ι
546 1177 613 1234 licet
627 1190 720 1234 tumen
735 1176 851 1250 diligere
860 1173 956 1230 Deum

19 1270 139 1333 propter
165 1258 241 1315 uliud
269 1271 401 1335 tanquam
423 1279 535 1317 causatu
556 1257 743 1352 impulsivam,
767 1270 796 1314 et
824 1268 956 1329 tanquam

20 1357 136 1396 musam
151 1339 297 1415 partialem
311 1341 532 1416 inudaequatam:
553 1340 595 1397 sic
617 1339 839 1397 consideratione
861 1355 957 1430 poeue·

19 1440 85 1476 rum
100 1421 301 1489 mittendarum,
325 1422 525 1480 beneficiorum
545 1434 724 1498 acceptorum
746 1432 796 1477 aut
818 1414 958 1493 accipien-

19 1502 124 1558 dorum
140 1501 225 1560 homo
238 1503 360 1581 seipsum
376 1503 483 1561 utiliter
498 1503 603 1596 exeitut
623 1503 659 1560 ad
674 1503 769 1559 Deum
790 1513 904 1577 propter
928 1519 958 1556 se

19 1585 185 1641 amandum.
635 1607 637 1614 ’

59 1667 114 1722 Au
126 1665 262 1741 estmugrs
268 1665 440 1724 meritorium
450 1664 566 1739 diligere
575 1661 934 1740 amicumquamrnrmreum
944 1662 958 1719 ?

58 1747 121 1804 ΙΙΙ.
139 1747 175 1804 R.
187 1747 307 1822 Sylvius,
323 1747 445 1816 Nemee,
462 1747 590 1816 Billuart,
605 1748 655 1804 &u
667 1746 766 1804 dieunt
780 1743 958 1802 dilectiouenl

21 1828 106 1886 amici
122 1829 276 1887 seeundum
292 1849 322 1886 se
337 1848 399 1886 esse
420 1827 576 1897 meliorem,
601 1827 744 1902 magisque
770 1825 958 1884 meritorium.

20 1911 86 1984 quia
112 1911 222 1968 amicus
248 1922 291 1968 est
319 1909 458 1987 objectum
487 1910 598 1966 melius.
648 1909 790 2004 ll'iggers,
819 1907 959 1982 Steyuertp

18 1991 175 2059 Daelman,
190 1993 242 2049 &c
257 1993 368 2060 docent,
384 1991 585 2048 dilectionem'
578 1989 684 2047 rniruiei
699 2010 759 2046 esse
773 1989 870 2084 magis
867 1988 959 2044 merl·

18 2073 141 2130 teriam·
164 2073 229 2149 quia
242 2073 332 2148 magis
346 2073 432 2131 ardue
445 2085 490 2130 est
503 2084 533 2129 et
558 2071 690 2139 difficilis,
710 2071 842 2130 meritum
863 2071 958 2126 aulem

18 2154 180 2211 desumitur
193 2175 229 2212 ex
243 2155 337 2212 labore
360 2166 390 2212 et
412 2153 577 2211 difficultate
599 2154 700 2230 operis.
743 2152 887 2227 Quidquid
911 2151 959 2217 siu

17 2235 136 2292 dilectio
151 2236 257 2294 inimici
272 2236 393 2293 maxime
406 2234 436 2292 in
448 2235 592 2312 Scriptura
605 2235 634 2294 S.
649 2236 869 2303 commendatur,
880 2251 957 2289 mux-

16 2317 133 2392 imeque
145 2318 251 2395 populo
264 2317 439 2376 inculcandu-

203 2561 241 2620 Ν.
259 2563 326 2621 142.
366 2561 424 2620 DE
446 2560 770 2620 MISERICORDIA.

217 2725 220 2733 '
318 2721 353 2781 S.
373 2723 475 2782 Tuom.
489 2732 589 2800 quest.
605 2726 654 2780 30.

221 2879 244 2944 l.
265 2885 344 2964 Ejus
357 2885 501 2963 olpertum,
543 2886 584 2944 11.
605 2884 649 2943 Et
661 2887 751 2960 oripo.

57 3052 164 3115 QUID
180 3062 223 3108 est
237 3050 449 3108 misericordia?

57 3134 94 3191 ll.
120 3135 171 3192 Est
196 3133 283 3188 virtus
306 3132 442 3189 inclinans
465 3129 637 3187 voluntatem
652 3129 688 3186 ad
710 3127 809 3224 ulienre
832 3126 954 3184 miserim

13 3215 238 3291 eompassionem
254 3233 304 3270 seu
318 3213 549 3271 subletutiunem.
882 3227 886 3242 ⁵

56 3296 135 3354 Huic
145 3296 240 3353 virtuti
253 3314 302 3370 per
311 3315 454 3352 excessum
466 3293 616 3369 opponitur
624 3291 709 3348 nimiu
717 3290 807 3346 cordis
818 3288 949 3352 mollities

12 3397 64 3433 eeu
79 3377 271 3455 indulgentia3
292 3395 342 3453 per·
354 3377 497 3434 delectum
514 3375 579 3432 rere
594 3373 711 3430 durities
725 3372 816 3429 cordis
836 3383 866 3429 et
887 3387 948 3428 ctu

13 3459 124 3516 deliras.

55 3541 78 3596 l.
93 3539 246 3616 objectum
262 3559 313 3596 seu
327 3539 460 3596 motivum
478 3535 675 3594 misericordiae
689 3545 733 3590 est
753 3533 856 3590 mulum
879 3531 947 3589 alte·

12 3623 71 3678 rius
85 3563 181 3698 ulquuo
195 3622 281 3678 modo
295 3620 531 3684 involuntarium
552 3629 581 3673 et
602 3617 641 3674 itu
663 3627 809 3692 peccatum
832 3613 947 3674 ulterius

12 3717 57 3760 est
78 3703 220 3780 objectum
235 3702 443 3769 misericordlae,
469 3700 606 3776 quatenus
626 3697 697 3755 illud
722 3697 848 3771 quaedem
875 3695 952 3750 melu

12 3787 249 3851 concomitautur,
275 3803 338 3858 quae
362 3783 456 3858 aliquo
484 3781 569 3838 modo
596 3792 662 3836 suut
689 3776 882 3843 involuntarie,
915 3789 951 3832 ut

12 3867 147 3944 obligatio
161 3884 260 3944 poenae,
275 3864 452 3935 infir'mitus,
447 3861 608 3940 ignorantis,
631 3861 684 3918 &u
