2248 4070
380 171 421 214 nn
441 171 587 223 ursinus·
689 158 692 165 ’
893 156 960 216 tal·

19 319 90 378 ratio
119 329 172 388 est,
201 317 266 394 quia
293 327 385 382 totum
413 315 459 378 hic
493 317 619 388 habetur,
655 318 730 395 quod
766 317 956 395 Legidatores

19 399 208 480 praecipinnt3
228 399 269 458 sic
289 419 319 458 se
341 401 439 456 mutuo
459 419 514 456 non
536 399 692 477 impediunt
713 402 898 476 peregrinatio
919 404 956 461 ex

19 497 85 541 voto
114 495 157 548 et¹
172 481 301 548 recitatio
329 480 438 538 Divinii
466 481 562 540 Officii
587 501 622 540 ex
646 496 787 558 praecepto
808 483 955 544 Ecclesia.

21 565 45 623 E
57 583 196 622 converso
206 563 362 620 seinvicem
373 562 530 638 impediunt
538 575 648 620 cantare
656 563 684 619 in
694 563 779 621 choro
788 579 817 622 et
826 565 956 642 excipere

21 645 243 707 confessiones:
265 643 331 701 item
347 644 474 708 confiteri
494 645 739 714 sacramentaliter,
761 657 789 702 et
810 647 856 706 die
871 648 957 706 Festo

20 728 118 786 audire
152 726 267 784 Missam
296 738 361 783 sunt
388 737 467 784 aetus
494 725 725 802 incompatibiles‚
754 727 852 786 saltem
887 729 954 786 dum

21 808 164 866 confessio
174 820 217 867 est
228 806 379 883 prolixior,
372 830 379 844 ·
393 807 459 883 quia
468 807 587 885 impedit
600 807 783 866 attentionem
794 810 958 886 requisitam

21 892 53 948 ad
68 891 203 947 devotam
219 889 318 948 Missae
332 887 512 946 auditionem.

60 972 84 1028 Ι.
109 971 193 1029 Solet
219 969 298 1030 hic
292 969 403 1044 inquiri,
431 971 524 1028 utrum
552 968 609 1039 ille,
637 969 685 1045 qui
706 977 832 1052 tempore
858 971 956 1031 Missae

23 1049 203 1128 obligationis
214 1051 311 1109 recitat
323 1051 417 1108 Horas
427 1051 591 1121 canonicas,
602 1053 700 1108 eodem
713 1064 840 1130 tempore
848 1054 956 1112 satisfa-

23 1135 76 1194 ciat
89 1135 208 1210 utrique
223 1133 410 1208 obligationi?
686 1180 689 1188 ,

60 1215 226 1292 Responsio
253 1213 415 1272 affirmativa
441 1211 593 1272 hodiedum
622 1223 664 1272 est
692 1214 864 1274 communis:
892 1216 958 1292 qnia

23 1297 145 1355 attentio
159 1298 195 1354 ad
209 1296 380 1354 auditionem
395 1295 494 1352 Missae
507 1294 640 1371 requisita
654 1295 829 1354 etsufficicns
839 1309 891 1368 est,
901 1315 957 1374 qua

23 1379 83 1455 quis
113 1379 241 1436 animum
269 1377 390 1455 applicat
417 1377 453 1435 ad
480 1377 575 1436 Deum
604 1377 752 1434 colendum
780 1398 830 1454 per
850 1398 957 1456 preces,

24 1459 223 1518 meditationes
244 1471 293 1518 aut
317 1459 387 1516 alios
409 1458 474 1534 pios
481 1458 597 1518 me'nti's
623 1458 758 1516 affectus:
781 1459 842 1517 haee
862 1465 957 1519 autem
1039 1509 1041 1520 ,

24 1542 146 1600 attentio
160 1561 216 1600 non
230 1539 349 1618 impedit
363 1559 453 1615 neque
462 1539 587 1598 excludit
599 1540 780 1598 attentionem
795 1541 959 1616 requisitam

24 1625 58 1682 ad
73 1623 173 1683 Horas
188 1622 361 1682 Canonicas:
383 1621 482 1680 eodem
502 1622 585 1678 modo
601 1621 691 1679 ¹sicuti
704 1623 831 1680 recitatio
846 1623 958 1681 Rosarii

25 1725 58 1762 cx
69 1725 126 1762 usu
134 1704 244 1782 piorum
255 1723 311 1762 non
316 1717 446 1762 censetur
453 1702 588 1779 impedire
593 1703 776 1760 attentionem
785 1705 820 1761 ad
828 1703 960 1762 Missam.

64 1787 202 1854 Accedit,
212 1783 366 1844 Ecclesiam
376 1803 432 1842 non
442 1784 603 1861 praecipere,
613 1795 645 1842 ut
653 1784 750 1842 fideles
759 1786 849 1842 verbis
858 1785 957 1844 Missae

24 1868 185 1936 intendant,
199 1867 249 1928 sed
269 1879 310 1935 ut,
334 1865 424 1924 verbis
437 1865 522 1926 etiam
545 1885 603 1923 non
616 1865 728 1934 auditis,
752 1867 799 1944 pie
813 1879 842 1924 ot
855 1868 960 1926 decom

24 1949 157 2008 intersint
173 1947 324 2008 Sacrificio.
376 1998 381 2006 .

65 2031 149 2090 Hinc
172 2031 274 2088 docent
300 2027 421 2106 Sylviua
445 2026 588 2086 chricus
610 2027 636 2087 a
653 2027 681 2088 S
696 1993 816 2104 Ignatio,
840 2029 892 2088 &a
906 2029 959 2088 sub

25 2109 306 2188 Missaoblrgatroms
314 2109 424 2171 recitari
432 2125 517 2168 otram
525 2129 608 2186 posse
616 2130 712 2187 preces
720 2110 833 2169 aliunde
841 2110 961 2182 debitas,

26 2215 50 2250 r.
65 2213 94 2268 g.
111 2213 149 2254 ex
164 2207 228 2252 roto
244 2191 287 2254 vel
301 2191 465 2268 poenitentia
481 2190 921 2250 sacramentali..

65 2276 110 2332 ΙΙ.
136 2275 202 2348 Sed,
227 2273 317 2349 inquit
343 2271 512 2349 Steyaert,
505 2291 534 2330 ιιι
557 2273 684 2368 Cleonis,
706 2291 776 2348 quos
797 2273 959 2332 adsensum

26 2355 210 2414 verborum
202 2376 232 2413 ιιι
258 2354 354 2422 Horis,
378 2366 408 2411 ct
428 2354 464 2410 ad
489 2354 621 2430 mysteria
643 2354 672 2412 in
696 2353 838 2412 Sacrificio
859 2355 960 2414 Missae

28 2439 175 2496 attendero
189 2438 282 2505 decet,
307 2435 386 2494 nullo
410 2435 494 2495 modo
515 2447 635 2511 utraque
656 2435 763 2494 functio
782 2435 865 2493 simul
890 2437 960 2495 citra

27 2520 224 2578 necessitatem
241 2517 387 2576 convenit.
400 2517 475 2574 unde
491 2515 640 2593 Cajetonus
654 2529 683 2574 et
698 2517 837 2574 Navarrus
851 2517 959 2588 dicunt,

29 2622 90 2658 esse
105 2613 252 2679 peccatum
267 2599 384 2666 veniale,
399 2617 421 2654 ιι
414 2597 465 2654 'id
479 2597 562 2654 fiat
541 2617 600 2656 srne
610 2597 686 2674 justa
700 2617 792 2656 causa
834 2597 873 2656 Et
893 2597 961 2658 sane

30 2683 169 2740 indicium
183 2681 280 2740 soret
265 2681 374 2756 exigua
384 2677 526 2738 charitatis
535 2698 602 2755 ,erga
612 2693 752 2774 precepta
761 2680 855 2738 Deum
867 2681 961 2740 colen·

31 2764 103 2826 diin
118 2764 184 2833 illis,
199 2783 249 2838 qur
239 2761 350 2826 'hoc'
329 2779 486 2820 srnaeausa
506 2759 638 2828 iacerent,
661 2761 782 2820 maxime
802 2781 865 2820 cum
890 2763 961 2822 tales

32 2857 154 2923 tempus,
169 2845 215 2906 cui
229 2853 422 2921 pepercerunt,
436 2840 566 2902 soleant'
558 2861 587 2900 ιιι
601 2842 659 2902 otio
673 2854 702 2902 st
716 2843 796 2920 nugis
811 2855 910 2902 terere.
