2226 4064
386 119 430 160 nn
449 117 618 163 auersus·
894 103 955 162 255

22 263 50 320 in
72 273 162 320 totam
187 257 353 333 Ecclesiam,
375 265 503 342 adeoque
527 263 750 342 independenter
772 261 795 322 ιι
811 265 883 325 nutri
905 278 956 324 aut

23 343 226 402 modificatione
240 345 408 422 populorum
419 367 427 405 ι
447 347 524 404 unde
536 359 631 424 potest
644 345 718 404 velie
731 346 864 422 obligare,
886 348 954 405 dum

23 427 66 482 ier
80 426 183 483 Romu
197 425 308 484 taotdm
328 439 373 485 ost
385 429 569 504 promulgate,
584 439 678 505 potest
692 427 776 486 etiam
792 427 868 486 nolle
882 429 952 486 obli·

23 525 92 582 gare,
106 507 162 564 nisi
176 508 224 565 lex
237 508 413 585 promulgata
426 511 464 568 sit
477 511 504 567 in
518 510 636 586 singuiis
651 509 816 567 Provinciis.
836 510 955 569 Utrum·

23 608 72 663 qua
86 587 242 650 Pontifices
255 609 290 647 ex
304 591 387 648 cortis
401 591 493 649 causis
507 591 658 667 aliquando
671 589 869 669 practicirnnt.

59 670 137 735 Quid
159 671 246 747 igitur
263 669 459 747 judicandum,
481 674 549 730 dum
563 672 698 731 Pontifex
710 672 803 748 legent
824 691 902 730 suam
918 675 955 732 ad

23 751 175 808 universam
193 751 349 810 Ecclesiam
364 754 467 831 dirigit,
482 756 532 812 sed
557 753 625 812 nihil
649 753 718 811 dicit
738 755 768 811 in
791 754 953 812 utramlibet

22 845 124 908 partem
140 833 255 890 deloco
269 835 525 912 promulgationis?

58 913 94 971 R.
109 913 234 991 Sylvius,
250 915 356 985 Gonet
372 917 477 975 Sueten
490 930 520 976 at
534 917 582 976 aiii
596 918 707 986 docent,
732 916 784 974 tali
798 935 864 976 casu
878 917 953 974 soffi·

22 1015 79 1052 aere
93 997 356 1094 promulgationem⁸
366 999 467 1056 Romae
486 1000 597 1068 factam,
612 1010 645 1056 ut
659 999 705 1056 lex
719 998 823 1074 ubique
837 999 952 1075 obliget,

23 1077 52 1134 ad
64 1077 140 1152 quod
155 1097 192 1134 ex
205 1093 305 1136 nutura
317 1099 358 1137 ror
350 1080 436 1138 talis
450 1081 639 1157 promulgatio
653 1080 781 1138 sufflasse
802 1081 911 1138 debeat.

57 1159 198 1234 wiggero,
215 1161 349 1230 Boudart,
366 1161 547 1238 Stoyeettius‚
560 1163 680 1220 Billuart
694 1161 864 1219 etsimilitet·
874 1162 953 1220 Galli

24 1235 203 1300 verisimilius
211 1243 317 1310 dicunt,
338 1243 409 1300 tales
423 1243 521 1320 legas
513 1263 542 1300 m
555 1243 618 1302 aliis
633 1241 787 1301 Provinciis
802 1262 858 1300 non
882 1244 953 1300 obii
1000 1261 1003 1268 ’

24 1341 87 1397 gare,
102 1322 160 1392 nini
173 1323 203 1378 in
217 1323 251 1380 iis
266 1325 494 1401 promulgentur,
515 1325 587 1420 quia·
594 1323 623 1382 in
647 1325 732 1382 simili
753 1343 821 1382 casu
840 1325 952 1382 videtur

25 1385 148 1460 Pontifex
173 1404 246 1462 velle
274 1405 353 1480 sequi
376 1418 512 1464 statutum
532 1406 603 1484 juris
632 1405 768 1482 civilis,J
762 1405 839 1464 'uxta
866 1407 950 1484 capit.

24 1485 263 1544 Ιιιιιιιιιιιιιιι
279 1493 296 1520 “
305 1488 342 1544 do
355 1487 421 1545 novi
436 1488 528 1566 operis
542 1487 734 1546 nuntiatione”
745 1427 794 1545 lli.
809 1489 837 1544 5.
846 1488 951 1545 decret.

24 1566 60 1622 tit
73 1567 122 1622 32.
136 1568 188 1624 ubi
203 1568 354 1626 (ιιιιιιιι.ι
358 1569 459 1628 ‘Sicut
472 1571 548 1646 leges
568 1589 625 1626 non
646 1569 834 1645 dedignantur
858 1588 951 1626 sacros

25 1648 201 1706 “Catones
193 1649 305 1716 imitari,
330 1649 371 1708 ita
384 1665 413 1708 et
426 1671 568 1709 sacrorum
589 1662 694 1708 statuta
707 1652 855 1710 Canonunt
870 1651 951 1708 Prin·

24 1729 139 1804 “tipum
159 1731 405 1789 constitutionibus
417 1732 609 1810 adjuvantur?

56 1810 135 1868 Idem
153 1813 295 1888 colligitur
308 1833 343 1870 ex
360 1814 443 1871 Bulla
457 1815 502 1872 Pii
517 1815 569 1872 IV.
593 1813 689 1872 S1cun
703 1830 748 1870 nn
764 1827 950 1884 sncnonou,
973 1861 977 1870 ,

24 1911 81 1966 qua
90 1891 212 1951 habetur
225 1895 262 1950 ad
277 1895 381 1952 calcem
398 1895 519 1954 Consilii
533 1894 634 1953 Trid.'
627 1913 656 1950 m
670 1914 727 1971 qua
747 1895 859 1952 videtur
873 1895 949 1951 Pon·

25 1973 84 2030 tifex
97 1976 325 2033 condescendere
333 1975 392 2052 J'uri
406 1975 557 2046 communi,
572 1978 641 2035 dum
655 1975 743 2033 dicit:
759 1983 777 2010 “
788 1976 859 2034 June
873 1995 949 2033 coms

26 2057 126 2122 “muni
140 2057 279 2113 sancitum
295 2071 347 2126 est,
366 2069 399 2114 ut
412 2058 625 2116 constitutiones
647 2075 727 2114 novas
749 2057 806 2114 rim
826 2057 951 2114 nonnisi

26 2140 41 2168 “
51 2149 112 2212 post
122 2149 235 2196 certum
250 2149 363 2214 tompus
376 2137 543 2197 obtineant.’'

59 2217 131 2276 Haec
144 2219 285 2276 sententia
299 2219 373 2276 tollit
387 2219 572 2290 incommodo,
586 2231 620 2277 ut
639 2239 667 2276 ι.
681 2239 708 2294 g.
731 2219 757 2276 si
778 2219 827 2277 lex
839 2219 950 2278 irritans

27 2300 223 2356 matrimonium
238 2301 310 2358 foret
325 2301 426 2358 Romae
441 2299 548 2359 tanttim
570 2301 719 2378 publicata,
743 2319 840 2358 omnes
864 2301 950 2359 otiam

28 2381 214 2438 invincibiliter
227 2381 386 2456 ignorantes
400 2383 521 2442 invalide
542 2381 746 2441 contraherent.

61 2462 146 2520 Tollit
160 2463 245 2520 etiam
257 2463 475 2539 inaequalitatem
486 2465 559 2523 inter
569 2464 705 2533 subditos,
716 2463 819 2520 dumv.
830 2483 857 2541 g.
867 2475 949 2532 nnus,

29 2544 67 2638 ιιι
79 2545 163 2602 sciret
179 2545 280 2602 Romae
295 2565 356 2604 osse
370 2547 540 2622 publicatam
562 2543 686 2622 legem
674 2543 785 2638 JeJ'nnii,
807 2557 950 2604 teneretur

30 2625 99 2682 etiam
115 2625 202 2702 longe
217 2626 340 2694 dissitus,
355 2629 452 2684 solus
444 2649 474 2685 ιιι
487 2627 688 2686 communitate
690 2625 835 2720 J'eJunarc.
930 2664 946 2674 ..

62 2706 149 2782 Igitur
164 2701 275 2764 videtur
289 2709 429 2778 Pontifex,
455 2709 522 2766 dum
536 2709 605 2766 nihil
620 2708 751 2784 exprimit
773 2710 866 2784 quoad
886 2727 950 2784 pro·

30 2788 217 2863 muigationem
233 2789 312 2865 legis,
338 2809 400 2848 eam
423 2791 580 2866 relinquere
601 2789 769 2867 prudentiae,
793 2802 823 2848 at
840 2789 949 2867 judicio

32 2869 113 2945 Episc.
133 2871 365 2947 promulgandam
389 2871 435 2930 vel
458 2891 515 2930 non
537 2871 778 2949 promulgandam,
803 2884 887 2949 prout
908 2871 949 2928 eir

31 2953 150 3028 expulire
164 2953 254 3009 visum
269 2953 361 3011 fuerit.

90 3113 125 3172 N.
140 3117 170 3172 6.
212 3115 270 3172 DE
293 3115 474 3176 PLACITO
496 3114 627 3176 REGIO
649 3115 694 3177 IN
716 3115 882 3174 BELGIO.
942 3173 944 3182 ,

36 3277 53 3332 Ι.
71 3276 214 3334 Placitum
237 3277 362 3352 Repium
404 3277 445 3336 ΙΙ
465 3278 579 3358 Drfflrt
599 3299 619 3336 a
646 3277 723 3348 Visa,
765 3277 822 3338 ΙΙΙ.
843 3275 888 3336 Et
907 3298 950 3337 re

64 3360 187 3432 quiritur
200 3360 242 3416 ad
254 3359 444 3436 beurpfdalr'a.
485 3359 537 3417 iv.
559 3360 629 3420 Nou
642 3360 684 3416 od
701 3361 872 3435 dogmatica.
914 3361 950 3416 V.

67 3439 250 3497 Probatur
232 3461 251 3496 a
273 3443 393 3498 rationo.
436 3441 489 3500 vi.
509 3440 557 3499 Ab
578 3439 751 3500 authoritate
764 3441 951 3519 Pontificum.

66 3517 128 3578 Vll.
142 3519 211 3579 Non
221 3523 382 3598 requiritur·
394 3523 435 3581 ad
441 3521 665 3599 prohibitionem
679 3522 826 3582 librorum.
868 3523 951 3580 Vlli.

69 3601 112 3660 Art
124 3603 283 3679 requiritur
291 3622 350 3681 pro
370 3605 506 3662 suasuris.

69 3761 89 3819 l.
103 3763 321 3826 PLACITUM
342 3734 464 3842 Regium
489 3777 605 3840 roratur
625 3785 777 3824 consensus
792 3767 880 3842 Regis
900 3783 950 3842 pro

37 3845 244 3928 promulgatione
258 3847 330 3926 legis
341 3861 390 3909 aut
404 3848 609 3916 constitutionis
624 3847 788 3919 Pontificius,
803 3860 948 3924 postquam
