2248 4070
371 169 413 210 ne
434 123 586 212 caereus(
889 155 948 212 307

26 337 80 377 aum
94 314 194 374 resolvi
209 314 237 372 in
252 313 367 373 mixtam
390 314 549 392 copulative
563 313 608 372 vel
631 313 816 392 disjunctive3
837 314 876 373 ita
890 315 952 376 ltoec

26 404 84 458 lex:
105 395 190 462 “Qui
215 396 487 473 maledixeritpatri,
509 398 563 454 &cr
577 409 666 454 morte
681 396 842 466 moriatur,”
863 397 951 455 resol-

26 484 92 538 vitur
105 481 132 536 in
149 480 263 536 mixtam
279 478 446 554 copulative,
461 479 526 554 quia
537 479 674 555 implicite
685 477 824 556 probibet,
838 499 874 537 ne
889 481 953 556 quis

26 563 166 622 maledicat
180 561 261 638 patri,
286 561 338 618 &c

62 645 90 702 Si
98 645 164 700 verb
175 643 324 720 perlegam
335 645 404 720 pure
412 641 552 720 poenalem
564 641 703 717 intelligas
712 641 951 712 constitutionem,

27 745 82 802 quae
101 725 208 782 nullam
223 724 332 782 inducit
346 725 546 800 obligationem
561 723 590 780 iu
605 723 785 784 conscientia.
800 725 950 800 nequidem

26 807 195 884 disjunctive,
217 806 310 882 qualia
332 819 437 864 statuta
462 805 491 864 S.
508 804 631 862 Thomas
659 806 687 862 2.
710 807 738 862 2.
759 819 858 884 quaest.
885 808 952 864 186.

26 903 70 948 art.
84 891 110 946 9.
134 889 171 946 ad
190 891 214 944 1.
235 889 359 946 admittit
383 889 411 944 in
429 887 532 945 urdine
558 885 789 956 Praerlicatorum,
811 901 840 945 et
858 889 953 964 qualia

27 973 102 1029 etiam
123 969 263 1027 habentur
286 969 317 1026 in
339 968 621 1036 confraternitatibus,
642 969 692 1024 ubi
714 969 761 1050 pia
781 971 909 1044 quaedam
923 981 953 1027 et

26 1054 97 1110 utilia
111 1052 315 1128 practitantur;
334 1071 370 1109 ne
387 1063 481 1108 tamen
502 1049 681 1107 conscientiis
700 1069 803 1106 novum
826 1071 896 1108 onus
910 1051 953 1108 in·

23 1135 134 1212 jiciatur‚
157 1134 205 1211 pia
218 1133 266 1190 illa
280 1133 414 1190 exercitia
436 1133 544 1190 tantiam
559 1143 760 1208 proponuntur,
782 1152 838 1188 non
853 1133 952 1210 praeci·

27 1217 141 1294 piantur,
164 1227 194 1272 et
207 1215 315 1272 tantirm
334 1215 493 1272 decernitur
511 1213 604 1288 eliqua
629 1213 820 1290 compensatio
843 1215 953 1272 innon

28 1301 214 1356 observantes:
237 1297 409 1362 conceditur,
419 1295 491 1353 tales
505 1296 581 1371 leges
594 1315 649 1352 non
665 1295 788 1370 obligare
802 1296 830 1354 in
845 1298 953 1356 consci-

28 1380 109 1437 entia:
133 1377 231 1436 verulm
245 1378 356 1436 videtur
380 1377 464 1435 simul
486 1376 645 1446 dicendum,
667 1397 714 1434 cas
727 1397 783 1434 non
798 1397 859 1436 esse
874 1399 952 1438 verae

28 1463 103 1538 leges,
117 1472 147 1517 et
161 1479 272 1536 poenam
286 1459 440 1537 appositam
453 1477 509 1516 non
520 1479 581 1516 esse
591 1477 702 1534 poenem
712 1459 823 1536 proprie
838 1461 951 1531 dictam,

28 1546 68 1601 sed
82 1543 222 1618 quandam
246 1543 339 1618 operis
362 1541 457 1598 omissi
478 1541 744 1618 compensationem,
765 1553 797 1597 ut
811 1541 851 1599 sic
866 1563 953 1617 quan·

28 1627 77 1682 tim
92 1625 126 1681 ud
142 1624 190 1701 pia
203 1623 401 1681 exercitiunon
412 1623 560 1680 rideantur
573 1621 665 1678 mimis
677 1621 786 1692 feciare,
799 1621 881 1697 quim
896 1625 953 1696 alii,

28 1707 67 1783 qui
80 1706 128 1764 illa
141 1715 248 1763 statuta
262 1704 453 1763 observarunt.

28 1869 59 1928 N.
69 1871 116 1927 39.
158 1867 217 1928 DE
239 1866 532 1928 OBLIGATIONE
554 1865 614 1946 Al)
637 1863 801 1925 POENAM
821 1867 954 1930 LEGIS.

29 2035 49 2092 1.
74 2031 170 2091 Poeoa
191 2033 336 2091 rodentiae
359 2030 434 2100 latu,
475 2031 516 2088 ΙΙ.
549 2029 704 2088 Smunuae
717 2028 856 2107 ferenda,
898 2031 954 2093 Ill.

66 2113 173 2186 Qualis
191 2115 237 2181 ait,
259 2114 437 2188 diyuoseitur
449 2131 484 2170 ee
499 2111 590 2170 cerdic
609 2111 688 2187 loqu.
728 2111 782 2169 1v.
803 2111 843 2170 In
857 2113 954 2174 debite

31 2211 35 2220 “
61 2205 189 2254 censetur
198 2213 287 2272 perna
301 2195 447 2252 sententie
460 2193 600 2270 firmrdoe.
642 2193 678 2250 V.
694 2191 794 2252 -Poenu
809 2199 954 2256 amterttr'oe

50 2279 183 2355 fermdae
207 2296 265 2334 non
288 2277 384 2334 rtatim
397 2273 554 2334 subeunda.
594 2275 647 2333 Vl.
671 2273 707 2332 Si
721 2278 866 2334 sententie
879 2277 953 2348 lura,

31 2377 34 2384 ·
58 2359 285 2436 praerequiritur
301 2356 461 2434 aliquando
484 2357 622 2416 ammodo
644 2355 844 2414 dechrrutorr'u.
887 2359 954 2418 V11.

64 2440 231 2517 Aliquando
254 2459 322 2496 nort.
369 2439 455 2496 Vlll.
487 2437 667 2517 Dffl'ereatiu
691 2440 954 2500 intersecantium

62 2523 322 2580 condemnatoriam
336 2530 363 2578 et
375 2519 605 2578 declaratoriam.
896 2555 899 2563 ι

63 2683 320 2745 DUPLICITER
335 2683 364 2740 in
379 2683 487 2758 legibus
501 2701 584 2760 poena
597 2681 766 2751 decernitur,
787 2683 896 2743 scilicet
910 2687 955 2744 vel

31 2787 72 2843 per
84 2767 199 2824 modum
215 2774 234 2802 “
248 2766 396 2824 sententie
411 2763 501 2834 lutae,’'
523 2764 568 2822 vel
582 2783 632 2841 per
647 2765 761 2822 modum
776 2771 794 2799 “
809 2769 955 2826 sententiae

32 2856 47 2883 ‘⁶
59 2848 205 2906 lerenrlae.”

64 2932 85 2988 1.
107 2930 196 2989 Poena
219 2927 321 2987 dicitur
343 2927 519 2986 “sententiae
544 2926 638 2996 latae,”
660 2947 724 3002 quae
747 2927 897 2988 incurritur
921 2950 955 2988 eo

31 3013 90 3088 ipso,
121 3032 179 3088 quo
207 3009 389 3086 transgressio
417 3011 488 3086 legis
511 3009 556 3066 vel
585 3022 731 3084 peccatum
760 3011 954 3080 committitur,

32 3095 125 3168 absque
149 3095 225 3151 omni
238 3092 364 3150 ulteriori
387 3087 546 3150 sententii:
567 3091 631 3148 talis
646 3102 689 3148 est
702 3093 956 3152 excommunicatio

32 3195 130 3232 annexa
141 3174 240 3233 baeresi
256 3187 389 3232 externe.
632 3237 634 3242 ,

66 3257 102 3314 ll.
124 3257 212 3315 Poena
226 3255 403 3313 “sententie
425 3253 564 3311 lerendre”
590 3267 642 3320 est,
664 3271 727 3328 quae
752 3273 807 3311 non
830 3254 871 3314 sic
894 3239 970 3333 ipsol

34 3339 96 3395 lacto
110 3339 270 3404 incurritur,
286 3338 335 3394 sed
351 3336 483 3394 statuitur
497 3335 646 3410 infligenda
659 3355 710 3410 per
723 3333 889 3394 sententiam
904 3339 957 3396 du·

34 3420 93 3476 dicis
101 3433 199 3496 postea
210 3420 352 3477 ferendam
364 3439 371 3476 ι
396 3417 460 3475 talis
471 3429 514 3474 est
524 3436 606 3494 poena
616 3417 733 3493 patibuli
742 3434 873 3493 respectu
881 3420 957 3479 furti.

68 3502 214 3560 Undenem
228 3501 384 3578 dignosces,
406 3500 499 3558 utriun
514 3517 597 3576 poena
610 3499 646 3556 sit
667 3499 811 3557 sententie
826 3500 900 3570 latre,
921 3521 957 3560 an

35 3583 168 3643 terenda?

68 3665 121 3721 111.
143 3666 179 3724 R.
201 3663 247 3721 Ex
261 3662 352 3721 verbis
366 3661 454 3738 legis:
480 3673 564 3738 atque
587 3661 627 3719 ita
650 3673 780 3719 censetur
799 3682 881 3739 poena
894 3685 958 3722 sen·

34 3746 120 3802 tentiae
134 3747 209 3814 latae,
229 3746 253 3802 si
268 3745 313 3804 lex
327 3744 417 3802 utitur
431 3744 522 3801 verbis
536 3743 679 3800 indicativi
702 3743 787 3811 modi,
812 3747 957 3822 presentis

35 3827 71 3884 vel
93 3827 226 3904 praeteriti
250 3825 395 3902 temporis,
415 3845 441 3881 v.
452 3845 479 3901 g.
494 3831 511 3858 “
523 3825 807 3893 excommunicamus,
831 3827 901 3886 sciat
926 3847 954 3886 ae

35 3915 49 3941 “
60 3929 117 3970 esse
131 3909 414 3979 excommunicatum,
436 3904 504 3966 &c.”
