2248 4070
411 157 458 203 na
477 157 623 204 stersus.
925 145 986 207 371

85 309 127 368 R.
149 305 269 370 CinnS.
286 305 341 365 Th.
356 309 386 364 2.
399 309 427 364 2.
442 319 543 384 quaeat.
562 309 629 364 lta.
643 307 734 366 arth.
750 308 786 366 ad
800 309 825 365 l.
839 307 910 368 illud
925 325 987 370 este

36 391 148 466 partim
158 389 231 467 juris
245 389 394 462 naturalia,
403 401 432 447 et
446 389 546 467 partim
558 389 630 466 juris
645 389 777 466 positivi:
799 404 842 447 stt
851 389 923 468 juris
937 409 986 451 nn»

35 471 153 541 taralis,
169 473 303 548 quantum
318 472 355 528 ad
369 469 434 540 hoc,
447 484 480 528 nt
493 470 608 546 aliquod
622 483 734 547 tempus
748 472 813 528 vitre
827 486 885 530 snae
900 472 985 532 homo

37 553 165 629 deputet
186 553 394 610 edmundum
417 553 551 619 Divinis3
571 553 623 610 sed
644 550 812 648 inquantum
836 552 889 612 hoe
911 567 985 632 prae·

34 633 985 808 tthlhttllt'lllll¹i.l⁰.lltss.lltlhsstltll

35 809 68 854 et
78 795 156 872 juris
170 797 293 874 positivi.

82 879 212 943 Quare'
204 899 234 936 rn
256 877 310 936 hoc
331 889 473 958 praecepto
495 877 655 956 specialiter
673 876 785 935 additur
799 877 852 938 hoc
866 881 983 940 verbum

36 964 55 994 “
75 959 266 1017 memento?”

81 1041 122 1100 R.
145 1043 221 1106 Quia
241 1040 296 1099 hoc
319 1052 502 1118 preceptum,
525 1036 690 1116 inquantrlm
714 1043 918 1112 caeremoniale,
940 1057 983 1103 est

34 1121 216 1198 positivum
237 1135 267 1180 et
290 1123 332 1181 sic
355 1137 411 1180 non
436 1135 480 1180 est
504 1121 623 1179 inditum
649 1121 678 1177 in
693 1121 824 1180 cordibus
837 1122 983 1184 hominurn

34 1223 105 1261 cnm
122 1205 265 1263 creatione
279 1217 396 1272 naturas,
418 1205 469 1262 sed
484 1205 620 1262 memoria
635 1203 724 1260 teneri
739 1205 832 1262 dehet.

79 1286 130 1343 2⁰.
157 1287 233 1350 Quia
256 1287 328 1343 illud
350 1299 395 1344 est
417 1285 692 1344 commemorativnra
716 1287 831 1344 maximi
853 1289 983 1349 beneficii

35 1367 171 1443 praestiti.
212 1368 285 1426 Vide
302 1369 332 1426 S.
347 1367 401 1425 Th.
416 1387 442 1443 q.
462 1369 528 1425 100.
542 1387 568 1425 a.
583 1369 611 1424 7.
625 1368 670 1424 ad.
685 1368 713 1424 5·.

81 1448 251 1507 Notandum
274 1448 328 1506 hoc
350 1444 522 1526 praeceptum
546 1446 683 1524 quatentls
706 1449 909 1516 caeremoniale,
931 1451 982 1508 ali·

35 1549 126 1604 quam
141 1531 325 1588 mutationem
340 1529 482 1606 accepisse
497 1530 526 1586 in
541 1549 613 1587 nova
626 1530 698 1605 lege,
719 1530 748 1586 in
763 1531 896 1605 qnaloco
911 1531 981 1591 sat·
1069 1538 1076 1552 ⁸

34 1612 97 1670 bati
113 1613 278 1689 praecipitur
292 1611 508 1670 sanctificandus
523 1612 583 1668 dies
598 1611 775 1669 Dominicus.

79 1691 211 1750 Mutatio
237 1694 287 1750 illa
310 1695 384 1752 facta
409 1705 452 1750 est
479 1694 514 1750 ab
541 1691 697 1770 Apostolis,
724 1705 757 1748 ut
785 1695 918 1768 probatur
945 1716 981 1754 ex

37 1775 219 1851 Apocalypsi
234 1793 295 1850 cap.
314 1779 339 1831 l.
360 1775 408 1831 nbi
422 1775 547 1833 loannes
571 1774 657 1831 dicit:
680 1774 763 1832 “Fui
785 1775 813 1830 in
830 1775 936 1853 Spiritu
951 1779 980 1836 in

36 1861 54 1888 “
68 1856 226 1914 Dominica
239 1855 313 1914 die.”
354 1855 440 1913 Facta
451 1868 497 1912 est
512 1867 605 1912 autem
624 1855 698 1922 ideo,
713 1855 778 1930 quin
792 1875 827 1912 eo
841 1858 887 1915 die
901 1863 980 1918 max·

38 1937 102 1995 ima
114 1955 196 1994 novae
211 1939 280 2014 legis
291 1937 424 2014 mysteria
435 1937 575 2014 completa
589 1949 668 2002 sunt:
686 1955 750 1993 narn
761 1937 807 1994 die
819 1938 979 2009 Dominiod,

38 2039 108 2094 quas
122 2019 153 2076 in
168 2019 322 2094 Evangelio
338 2033 453 2076 vocatur
465 2037 522 2075 nna
545 2018 660 2077 Sabbati
674 2018 718 2075 vel
741 2019 831 2095 prima
854 2021 979 2090 Sabbati,

38 2099 99 2158 hoo
112 2113 158 2158 eat
179 2101 269 2178 prima
290 2101 464 2176 septimanas,
487 2099 617 2159 Christus
641 2100 792 2158 resurrexit
813 2099 978 2171 amortuis,

40 2182 168 2258 Spiritus
192 2183 221 2240 S.
235 2183 388 2250 descendit,
410 2181 473 2239 Lex
491 2202 564 2239 nova
577 2182 753 2258 promulgata
766 2194 818 2250 est,
841 2197 871 2240 et
883 2203 918 2242 eo
932 2185 978 2244 die

34 2262 122 2338 juxta
138 2264 167 2322 S.
180 2266 257 2339 Aug.
271 2283 398 2320 sermone
413 2265 479 2321 152.
511 2262 640 2322 Christus
648 2262 826 2340 judicaturus
839 2265 977 2335 adveniet,

38 2363 135 2420 eoque
159 2345 206 2403 die
229 2345 364 2403 saeculum
389 2345 472 2402 tinem
496 2343 619 2415 habebit,
641 2363 698 2420 quo
720 2343 816 2404 hahuit
829 2348 977 2406 creationis
1039 2419 1043 2426 .

38 2428 166 2484 initium.

79 2509 161 2573 Quid
176 2507 230 2564 hoe
244 2507 327 2565 tertio
340 2518 482 2584 praecepto
497 2507 525 2564 in
538 2525 611 2565 nova
623 2507 687 2578 lege
700 2506 881 2584 precipitur?

80 2591 122 2648 R.
144 2590 290 2666 Praecipue
299 2588 360 2646 haec
369 2589 440 2646 tria:
459 2591 502 2646 1⁰.
516 2602 607 2646 certos
617 2589 724 2664 aliquos
736 2603 765 2645 et
778 2590 977 2650 determlnatnt

38 2671 100 2728 dies
116 2689 180 2729 esse
194 2671 407 2728 sanctificandos
420 2691 427 2729 t
450 2673 498 2728 20.
513 2671 577 2728 illos
592 2691 652 2727 esse
667 2671 880 2729 sanctificandos
895 2673 977 2730 Divi-

38 2769 77 2808 no
99 2753 190 2812 Cultu
213 2766 329 2810 externo
344 2772 395 2831 per
408 2753 578 2810 auditionem
595 2752 703 2819 Missae,
719 2753 770 2808 ho.
790 2755 839 2808 3⁰.
862 2756 976 2812 eosdem

39 2854 100 2892 esse
116 2835 331 2892 sanctificandos
344 2853 396 2910 per
408 2835 590 2891 cessationem
606 2834 642 2892 ab
657 2835 788 2910 operibns
800 2835 956 2892 servilibus.

79 2916 205 2980 Quinam
220 2929 286 2973 sunt
300 2916 342 2974 illi
357 2915 534 2972 determinati
549 2915 609 2971 dies
622 2915 839 2972 sanctificandi?

79 2997 118 3054 R.
140 2997 175 3054 In
189 2998 286 3074 primis
300 2997 342 3054 illi
356 3010 422 3055 sunt
435 2997 496 3054 dies
506 2995 660 3063 Dominici,
675 2997 758 3053 electi
772 2995 800 3052 in
812 2998 975 3056 memoriam

39 3079 182 3136 Gloriosa.
198 3079 422 3136 Resurrectionis
438 3077 551 3144 Christi,
567 3091 595 3134 et
609 3078 638 3134 in
652 3077 809 3153 religiosam
824 3079 976 3138 recordati·

39 3179 121 3218 onem
137 3161 265 3218 beneficii
281 3161 437 3229 creationis,
459 3173 489 3217 et
502 3159 701 3236 redemptionis
717 3179 766 3235 per
780 3157 933 3218 Christum.

79 3244 128 3300 2⁰.
150 3242 337 3300 Determinati
353 3243 436 3299 etiam
452 3255 517 3298 sunt
532 3243 592 3298 dies
609 3240 691 3308 Festi,
715 3241 763 3316 qui
785 3253 899 3317 propter
912 3261 975 3318 per·

39 3323 156 3381 ticulate
170 3323 284 3399 aliquod
307 3323 508 3400 redemptionis
528 3334 631 3380 nostrae
646 3321 815 3398 Mysterium
832 3323 974 3398 Religioni

39 3418 104 3463 sunt
116 3406 281 3473 consecrati,
296 3406 340 3462 vel
358 3405 409 3463 SS
420 3403 539 3481 Virgini,
554 3416 603 3462 aut
619 3403 774 3480 Apostolis,
790 3404 973 3504 Martyribns,

40 3487 135 3545 aliisve
152 3487 261 3546 Sanctis
276 3499 341 3544 sunt
355 3485 449 3544 dicati.

78 3570 218 3634 Quaenam
233 3581 276 3626 est
290 3569 361 3626 ratio
375 3569 483 3624 dierum
499 3566 670 3624 Fastorum?
716 3586 722 3598 ·

78 3651 116 3709 R.
138 3651 209 3710 Dies
225 3651 301 3708 Festi
315 3649 522 3730 principaliter,
527 3649 600 3706 sicut
614 3649 674 3706 dies
685 3648 860 3716 Dominioi,'
852 3648 974 3708 restituti

40 3734 153 3791 suntad
165 3733 316 3790 recolenda
332 3731 473 3789 Beneficia
487 3731 560 3797 Dei;
582 3730 693 3798 deinde,
715 3743 748 3788 ut
761 3731 790 3787 in
806 3732 971 3788 Sanctorum

40 3814 154 3874 victoria
168 3825 197 3872 et
211 3814 300 3890 gloria
313 3813 423 3870 bonitas
438 3812 495 3870 Dei
516 3823 548 3870 et
564 3812 691 3889 potentia
711 3812 868 3879 laudentur,
888 3825 919 3868 et
938 3825 971 3868 nt

39 3897 90 3973 ipsi
116 3895 214 3955 Sancti
238 3895 333 3954 debite
357 3893 527 3972 honorentur
551 3913 584 3952 ac
605 3893 770 3952 invocentur
791 3893 917 3964 anobis,
938 3905 971 3950 ut
