2248 4070
157 117 218 180 tte
378 192 380 205 1
524 134 716 184 rnscrsrus

198 285 342 350 Quantum
352 295 498 362 peccatum
513 295 556 344 est
570 285 758 345 inobedientia
767 284 885 343 tiliorum
898 284 926 343 in
935 285 1095 362 parentes?

197 365 250 423 IV.
271 365 310 424 R.
334 365 387 425 Est
400 367 525 435 mortale,
548 368 613 425 dum
637 368 824 426 inobedientia
846 380 889 425 est
910 368 940 424 in
953 387 986 425 re
1002 365 1096 444 gravi,

12 470 15 482 ·
106 460 110 469 f
157 446 256 586 inlqna
268 445 388 544 subjecti
400 449 537 587 suntbliii'
551 461 580 506 et
594 469 675 525 quam
696 449 862 528 precipiunt
874 461 1009 526 parentes
1024 467 1095 506 cum

157 545 193 586 vo
204 540 300 587 aniate
364 541 464 588 mtero
559 542 598 588 ie.

197 609 235 667 V.
256 549 406 669 obsidioni
419 549 663 688 debetfapisrentes
677 610 706 668 in
722 611 839 669 materia
851 610 927 686 gravi
940 630 1000 669 non
1016 629 1096 667 senr-

157 710 208 768 per
217 691 340 768 obligare
350 693 402 750 snb
412 692 497 769 gravi,
512 694 561 750 sed
571 693 723 770 praecipere
733 713 808 769 saepe
819 693 986 750 solicitando
999 691 1096 766 magis

157 784 187 831 et
201 772 358 840 alliciendo,
374 774 457 850 quiam
469 775 634 851 obligando;
648 787 677 832 et
691 786 750 832 tum
761 786 932 851 preceptum
943 793 1003 832 non
1018 773 1097 831 obli·

157 865 205 932 gat
219 857 271 913 sub
284 855 369 931 gravi,
384 855 518 932 quianon
532 858 611 914 adest
625 856 744 913 intentio
757 855 900 932 obligandi
913 856 964 913 sub
979 854 1076 932 gravi.

199 937 335 1001 Quaenam
351 937 466 995 materia
479 936 524 996 bic
538 938 594 995 dici
605 937 689 994 dehet
702 937 815 1014 grevia?

197 1018 250 1076 VI.
271 1018 308 1075 R.
329 1018 391 1088 Illa,
412 1039 474 1094 qum
498 1019 657 1076 notabiliter
670 1019 802 1076 conducit
815 1019 851 1076 ad
866 1037 958 1075 ruram
974 1017 1095 1074 domes-

156 1099 251 1169 ticam,
265 1099 300 1156 ad
311 1100 398 1157 bonos
409 1121 507 1170 mores,
518 1101 635 1158 salutem
648 1099 756 1168 animae,
772 1101 823 1158 &c
836 1121 863 1157 v.
873 1119 901 1176 g.
914 1099 1026 1180 lucrum
1039 1117 1094 1154 no·

157 1179 243 1238 tabile
252 1199 304 1257 pro
315 1183 516 1240 sustentatione
525 1182 639 1240 familiae
648 1182 839 1252 obtinendum,
849 1193 898 1238 ant
906 1180 1000 1238 simile
1010 1180 1095 1238 dam·

117 1259 120 1264 ’
156 1281 224 1319 num
239 1261 409 1330 evitandum,
423 1283 533 1340 pravam
549 1263 719 1322 consortium
733 1264 927 1330 deserendum,
943 1261 998 1320 luc.

199 1343 283 1403 Unde
303 1343 470 1419 generaliter
490 1357 600 1424 oportet
621 1365 789 1424 cognoscere
810 1343 884 1402 circa
897 1355 1015 1421 peccata
1027 1343 1093 1400 ino·

155 1424 306 1483 bedienoie
319 1444 477 1502 puerorum,

198 1503 243 1568 1⁰.
259 1507 306 1564 An
317 1505 438 1564 adfuerit
450 1507 569 1566 intentio
579 1507 700 1584 graviter
709 1507 859 1584 obligandi,
875 1527 910 1566 ex
919 1507 1091 1565 necessitate

158 1599 207 1645 aut
221 1604 321 1664 magna
333 1589 456 1647 utilitate
467 1589 507 1647 rei
521 1602 679 1668 praeceptae,
695 1609 730 1647 ex
743 1609 826 1667 poena
840 1589 977 1668 opposita,
993 1588 1038 1646 vel
1053 1607 1092 1645 ex

157 1670 242 1726 modo
256 1690 354 1728 severo
367 1671 554 1748 praeciplendi,
569 1672 621 1728 dte.

200 1751 248 1806 2⁰.
272 1753 319 1808 An
334 1751 394 1830 ipsa
407 1771 452 1809 res
465 1753 502 1810 sit
516 1753 616 1828 gravis.

200 1833 247 1889 3⁰.
268 1834 316 1890 An
329 1851 402 1889 unus
416 1834 460 1891 vel
475 1847 594 1910 uterque
614 1853 713 1912 parens
727 1842 893 1910 provocatus
908 1831 944 1889 sit
957 1831 996 1890 ad
1010 1831 1093 1901 irum,
1116 1873 1117 1894 ι

160 1913 371 1992 blasphemiam,
386 1915 438 1973 dte.
451 1935 568 1992 quorum
580 1929 758 1994 peccatorum
772 1915 823 1972 filii
838 1914 878 1972 rei
891 1925 965 1972 sunt.

165 2019 169 2028 .
228 2002 232 2030 l

159 2077 198 2136 N.
221 2079 271 2136 89.
311 2077 368 2137 DE
390 2077 555 2139 TITULIS
577 2067 837 2138 HONORANDI
857 2075 1093 2135 PARENTES.

16 2223 19 2230 ⁴
133 2225 137 2232 ·
158 2203 183 2262 Ι.
203 2199 295 2260 Tituli
302 2199 465 2260 honorandi
468 2212 613 2279 parentes,
654 2202 694 2260 11.
712 2203 786 2262 Sunt
797 2201 922 2278 legitima
931 2199 1092 2276 generatio,

163 2343 167 2352 ,
198 2281 255 2340 ΙΙΙ.
276 2281 388 2342 Decem
407 2283 545 2352 educatio,
587 2283 639 2342 IV.
661 2283 706 2342 Et
712 2279 770 2361 pisi
783 2283 932 2342 institutio.
975 2279 1013 2338 V.
1034 2275 1116 2338 Ire-¹

199 2363 365 2440 terropandt'
372 2375 507 2442 parentes
520 2367 552 2422 in
564 2364 743 2444 consecatione.
1115 2393 1116 2402 ¹

199 2487 369 2552 QUINAM
394 2501 458 2549 sunt
482 2491 567 2564 tituli,
592 2489 634 2550 ob'
653 2511 723 2569 quos
744 2492 795 2550 filii
808 2501 936 2570 parentes
949 2487 1092 2548 bonorare
1115 2505 1116 2527 ι

156 2573 311 2644 terrentur?

199 2649 223 2712 Ι.
245 2653 282 2711 R.
304 2653 376 2712 Sunt
399 2655 447 2712 ille
470 2655 532 2724 tris,
554 2675 617 2732 quae
638 2655 703 2714 liliis
727 2656 864 2714 debentur
886 2651 1089 2730 ipnrentibns,

156 2731 265 2792 scilicet
282 2735 323 2793 1⁰.
337 2735 478 2812 Legitima
487 2737 637 2813 generatio,
660 2740 707 2795 2⁰.
721 2737 835 2796 Decem
845 2733 983 2806 educatio,
1000 2745 1029 2791 et
1041 2735 1087 2790 3⁰.

159 2815 290 2894 Congrua
303 2815 400 2874 invite
413 2829 442 2890 et
456 2819 578 2876 moribus
592 2819 739 2877 institutio.
969 2819 973 2826 '
1114 2869 1115 2878 ,

163 2913 167 2920 “
199 2897 240 2958 ll.
262 2899 388 2969 Primum
403 2898 499 2976 exigit,
523 2913 556 2958 ut
570 2911 698 2978 parentes
712 2899 768 2958 sint
787 2896 963 2956 matrimonio
983 2893 1086 2972 juncti,

157 2990 306 3056 antequam
320 2980 491 3056 generationi
506 3001 617 3060 operam
633 2983 709 3054 dent,
730 2993 759 3040 et
778 2993 811 3040 ut
832 2999 914 3038 omne
928 2977 1086 3057 pericnlum
1114 3019 1115 3044 ,

155 3059 270 3120 abortius
283 3073 480 3140 praecaveatur.

197 3144 255 3202 111.
278 3143 438 3202 Secundum
452 3145 577 3220 requirit,
592 3156 624 3203 ut
638 3145 705 3203 dent
715 3143 840 3221 prolibus
858 3142 914 3200 suis
936 3141 1042 3202 vietum
1057 3154 1087 3201 et

155 3225 298 3294 amictum,
322 3237 355 3282 ut
369 3226 409 3282 eis
422 3226 595 3303 provideant,
621 3226 718 3303 quoin
737 3227 860 3282 futurum
883 3235 1087 3296 sustententur,

157 3307 204 3366 eas
217 3307 389 3364 instituendo
403 3307 527 3365 scientiis
540 3321 589 3366 ant
602 3309 706 3366 artibus
725 3325 821 3365 earum
835 3306 918 3363 statui
933 3318 962 3364 et
976 3307 1094 3385 capuci·¹

154 3389 206 3447 tati
220 3389 457 3460 convenientibus,
469 3409 604 3466 congruas
614 3409 724 3466 quoque
734 3407 811 3465 opes,
826 3387 957 3463 qnantum
967 3387 1086 3446 honeste
1113 3443 1114 3460 ,

109 3455 118 3477 ⁸
154 3469 215 3527 fleri
228 3480 330 3546 potest,
345 3469 385 3527 eis
399 3473 600 3547 praeparando:
614 3473 688 3530 unde
701 3482 819 3547 peccant
832 3481 960 3546 parentes
973 3469 1085 3548 prodigi
1113 3513 1114 3575 p

153 3550 269 3607 miseras
282 3551 375 3626 proles
388 3551 581 3627 relinquendo.

194 3629 246 3688 IV.
277 3631 324 3689 Ob
352 3631 464 3689 tertium
490 3645 620 3704 tenentur
646 3643 775 3709 parentes
799 3651 905 3698 curare,
932 3642 964 3688 nt
991 3632 1086 3708 proles

26 3737 95 3780 ⁸
154 3711 358 3786 quamprimirm
386 3713 572 3790 baptizentur,
606 3734 639 3772 ae
666 3733 712 3771 eas
740 3715 840 3771 docere
865 3713 967 3770 debent
994 3713 1086 3789 prima

159 3789 310 3848 mdimenta
334 3791 423 3860 Fidei,
455 3794 566 3852 mittere
589 3797 625 3852 ad
648 3794 866 3862 Catechismum‚
888 3805 918 3851 et
940 3793 989 3851 ubi
1010 3795 1085 3851 ratio

178 3867 298 3941 lirlserit,
318 3883 453 3948 satagere,
478 3887 510 3932 ut
534 3876 570 3933 ad
594 3877 690 3935 Deum
714 3897 745 3935 sc
769 3885 940 3946 convertant,
962 3875 1085 3952 deniquo
