2248 4070
169 97 234 158 804
544 115 733 160 rnncrnros

170 271 269 320 retano
290 261 498 320 matrimonium
513 271 640 340 ternpore
653 259 799 331 adventino,
821 273 865 321 eet
878 261 1031 340 prohibens
1044 273 1105 321 tan-

168 345 247 402 tbm:
261 343 331 402 tales
345 343 430 401 otiam
445 357 510 402 sunt
523 344 618 422 plures
632 345 708 420 leger
720 359 844 412 naturae;
864 347 905 403 eie
918 365 962 403 rea
978 345 1028 402 uni
1043 365 1105 424 pro-

167 425 262 494 missa,
283 425 390 494 illioitb,
412 427 462 484 sed
476 439 571 486 tanwn
585 425 677 484 ralidb
691 426 813 484 traditur
825 427 914 485 alteri.

209 505 277 584 Obj.
297 507 352 566 dus
365 519 473 564 naturae
487 527 542 564 non
557 519 694 585 repugnat
708 507 759 564 sibi
775 508 848 586 ipsi:
868 508 946 585 atqui
965 527 1105 586 repugna·

167 599 212 645 ret
225 588 279 646 eibi
292 588 355 666 ipsi,
376 589 401 646 si
414 601 519 657 aetum,
541 609 624 664 quern
637 587 775 666 prohibet,
796 592 963 667 approbaret
984 610 1048 648 esee
1064 609 1106 647 va·

167 669 256 728 lidum
269 691 277 728 ε
298 689 366 747 ergo
380 671 471 728 omnis
485 669 531 728 lex
546 669 696 748 prohibens
710 683 754 728 eet
768 670 851 730 simul
866 677 884 706 “
897 670 1041 730 irritans.”

209 751 247 809 R.
268 751 341 829 Neg.
364 752 519 810 minorem:
548 753 614 828 quia
634 753 680 810 lex
702 765 808 811 naturae
831 753 860 810 id
882 773 939 812 non
962 753 1035 810 facit
1056 754 1106 810 sub

167 834 267 894 eadem
289 835 413 901 ratione3
434 854 497 892 nam
520 833 651 911 probibet
671 845 776 902 actum,
798 836 935 910 quatenns
949 849 995 893 est
1011 849 1107 892 contra

166 915 260 992 legem
284 916 434 994 superioris
459 913 674 994 prohibentem:
705 915 841 994 approbat
863 919 930 975 verb
954 929 1053 976 actum
1077 929 1107 973 ut

167 997 301 1066 validum,
323 998 461 1074 quatenus
482 1009 597 1056 nonest
612 998 843 1074 contraaliquam
859 999 950 1076 legem
966 1005 987 1032 ‘⁴
997 997 1107 1056 irritan-

166 1085 186 1114 tt
200 1078 285 1137 tems'

209 1159 360 1225 Quomodo
374 1171 469 1237 potest
482 1159 529 1218 lex
543 1160 663 1236 positiva
677 1159 795 1230 irritum,
810 1179 861 1218 eeu
874 1160 1034 1218 invalidum
1048 1161 1106 1218 red-

98 1301 101 1319 ,
167 1243 235 1301 dere
248 1241 329 1312 illnd,
350 1243 426 1317 quod
440 1243 594 1300 seeundum
603 1241 652 1320 jus
666 1255 772 1300 naturae
786 1256 830 1300 est
845 1243 968 1300 validum
982 1243 993 1301 ἓ

208 1323 261 1382 IV.
284 1324 321 1382 R.
342 1324 405 1393 llla,
426 1344 490 1400 quae
511 1337 577 1381 eunt
598 1326 633 1381 de
649 1323 714 1401 jure
736 1337 842 1382 naturae
864 1324 1052 1401 praeoipiente
1067 1323 1106 1380 vel

167 1403 344 1482 prohibente,
365 1425 422 1464 non
446 1419 540 1482 potest
564 1405 723 1482 Legislator
744 1405 882 1464 humanus
902 1405 983 1464 irrita
998 1407 1105 1471 faeere;

167 1487 228 1556 ned,
250 1487 315 1545 edm
334 1487 390 1545 sint
403 1487 524 1564 plurima
543 1486 653 1565 dejure
667 1501 775 1546 naturae
788 1487 972 1565 permittente
988 1485 1105 1554 tantdm,

167 1567 231 1626 brec
255 1581 349 1646 potest
369 1569 416 1627 lex
440 1569 560 1647 positiva
582 1571 618 1627 ob
642 1583 731 1627 certae
746 1569 867 1628 rationes
882 1570 1006 1638 reddere
1020 1569 1105 1636 irrita,

167 1659 229 1708 turn
243 1651 449 1727 praescribendo
463 1651 572 1710 actibus
594 1652 727 1726 quasdam
742 1652 884 1720 formulas,
906 1651 1027 1709 deiectu
1041 1666 1106 1724 qna·

168 1751 232 1790 rum
246 1744 328 1788 erunt
342 1732 422 1801 irriti,
443 1744 475 1790 ut
497 1733 529 1791 fit
553 1733 582 1790 in
604 1732 788 1803 testamentis,
811 1743 840 1790 et
862 1731 890 1790 in
915 1733 1106 1791 contractibus

169 1813 393 1881 minorennium
414 1823 473 1872 tum
496 1813 580 1872 etiam
605 1812 741 1872 inhabiles
763 1814 907 1872 reddendo
920 1827 1061 1890 personas
1075 1813 1107 1870 ad

168 1896 310 1972 agendum
321 1894 367 1952 vel
381 1894 610 1965 contrabendum,
631 1907 665 1953 ut
678 1895 755 1954 latit.
770 1896 859 1954 Cone.
870 1895 949 1953 Trid.
965 1895 1047 1953 Sese.
1062 1897 1107 1952 at.

169 1996 232 2053 oap.
255 1978 282 2034 1.
322 1977 404 2036 “De
427 1977 640 2036 Reformatione
662 1977 865 2047 Matrimonii,”
894 1978 943 2034 ubi
968 1975 1106 2036 inhabiles

168 2059 263 2118 reddit
276 2057 451 2118 clandestine
464 2057 671 2122 matrimonium
687 2058 852 2126 contrahere,
862 2059 1003 2117 volentes.

212 2139 249 2198 V.
281 2140 456 2211 Notandum,
487 2141 608 2219 speciale
630 2161 692 2199 esee
711 2161 763 2218 pro
788 2141 896 2217 legibus
920 2139 1106 2207 irritantibus,

169 2241 234 2297 quae
247 2222 409 2280 immediata
423 2222 488 2280 latae
502 2235 568 2282 aunt
581 2234 696 2302 propter
709 2225 813 2280 bonnm
828 2242 989 2292 commune,
1004 2241 1107 2298 nempe

169 2303 241 2373 illae,
262 2303 400 2380 quatenns
416 2304 496 2373 tales,
516 2325 573 2362 non
587 2324 696 2363 testare
710 2305 746 2362 ob
760 2304 944 2380 ignorantiam
958 2303 1107 2361 invincibi-

169 2385 236 2454 lem,
258 2398 307 2444 aut
331 2385 528 2464 quodcumque
542 2387 697 2462 periculum
719 2386 823 2454 damni,
844 2386 976 2454 infamiae,
1001 2385 1107 2454 mortis,

169 2465 319 2528 alteriusve
335 2467 400 2526 mali
411 2468 479 2535 ;.ita
492 2479 524 2526 ut
538 2481 617 2526 actus
631 2469 730 2536 factus,
752 2487 778 2524 v.
793 2488 819 2544 g.
833 2479 912 2525 metu
926 2467 1027 2524 mortis
1042 2486 1107 2523 eon·

169 2560 213 2606 tra
243 2548 335 2625 legem
358 2549 513 2606 irritantem
536 2549 628 2607 adbuc
650 2551 687 2607 eit
710 2549 858 2617 invalidus,
892 2561 953 2606 tum
992 2549 1059 2624 quia
1079 2549 1108 2604 id

169 2627 421 2707 exigit'commune
436 2633 539 2688 bonum
565 2631 664 2708 majus,
686 2643 747 2692 tum
762 2651 796 2688 ne
811 2630 943 2688 malitiosi
956 2650 1010 2708 per
1025 2631 1107 2688 tirno·

168 2729 229 2769 rem
244 2711 357 2770 inutiles
370 2713 491 2770 reddant
503 2732 600 2771 omnes
615 2713 691 2789 leges
706 2720 725 2746 “
736 2711 901 2770 irritanteo.”

211 2793 263 2850 Vl.
284 2793 403 2850 Dictum
418 2806 479 2852 eet:
502 2795 605 2859 “Quae
627 2794 789 2852 immediate
811 2794 876 2851 latae
901 2805 967 2852 aunt
994 2803 1108 2870 propter

169 2879 189 2910 ‘⁶
198 2875 304 2933 bonum
320 2894 468 2932 commune
480 2874 504 2942 ;”
518 2877 621 2951 quiesi
636 2883 654 2910 “
665 2875 799 2934 irritatio'’
813 2889 922 2933 tantum
938 2877 1014 2932 facta
1029 2875 1068 2932 sit
1082 2875 1107 2932 in

169 2956 323 3016 vindictam
339 2957 439 3034 eulpae,
461 2969 520 3014 turn
537 2977 628 3024 causa,
650 2977 714 3033 quae
727 2971 843 3015 excusat
866 2957 885 3016 a
906 2957 1000 3033 culpa,
1024 2957 1107 3014 etiam

168 3037 290 3116 impedit
301 3038 512 3098 “irritationem
524 3038 548 3109 ;”
559 3040 598 3098 ite
607 3038 630 3095 si
641 3038 906 3116 qnieBeneficiatus,
918 3057 954 3096 ex
965 3037 1113 3095 oblivione

169 3119 333 3198 inculpabili
347 3121 467 3188 omittat,
489 3139 515 3178 v.
530 3141 557 3198 g.
569 3119 708 3196 Vesperae
731 3133 761 3178 et
785 3119 1021 3198 Completorium,
1045 3120 1107 3176 facit

170 3202 279 3260 fluetus
293 3221 368 3270 suos,
383 3201 450 3259 liebt
464 3201 546 3259 detur
560 3203 605 3259 lex
618 3209 636 3236 “
646 3201 773 3260 irritans''
787 3203 930 3260 imetuum
944 3201 1106 3276 acquisitio·

170 3301 235 3342 nem
250 3283 333 3341 abiis
348 3284 459 3350 iactam,
480 3283 529 3360 qui
545 3283 669 3341 officium
684 3284 826 3342 omittunt.
868 3285 912 3341 lta
928 3283 1048 3342 Suaren.

212 3363 282 3423 Vll.
304 3365 467 3423 Notandum
482 3378 576 3422 tamen
591 3365 668 3442 leges
682 3371 700 3399 ‘¹
712 3364 866 3426 irritantes'’
882 3365 1038 3440 aliqnando
1054 3361 1112 3422 ceo-¹

170 3464 242 3514 rare,
263 3447 401 3520 quatenus
415 3458 481 3504 sunt
502 3446 586 3504 eimul
601 3446 789 3524 prohibentes,
811 3448 847 3504 ob
860 3447 1020 3524 periculum
1038 3465 1106 3503 mor·

171 3526 208 3583 tie
222 3538 271 3584 aut
285 3527 399 3586 alteriue
413 3527 503 3604 gravis
519 3528 601 3586 mali:
622 3529 697 3586 unde
708 3529 733 3585 ei
744 3529 814 3603 quis,
837 3549 862 3585 v.
873 3549 900 3604 g.
917 3541 995 3584 metu
1013 3531 1106 3584 mortio

170 3617 291 3664 attentet
304 3619 477 3666 contractum
497 3623 595 3667 contro
608 3609 699 3685 legem
716 3616 734 3643 “
744 3609 925 3678 irritantem,”
946 3611 1111 3667 contineturl

180 3689 286 3764 pridem
299 3689 353 3746 erit
366 3689 514 3757 invalidus,
535 3690 596 3768 ipse
620 3704 713 3748 tamen
735 3711 792 3748 non
814 3691 951 3768 peccabit,
972 3691 1029 3747 nisi
1046 3711 1106 3749 con-

183 3781 278 3828 raotue
299 3781 374 3828 esset
391 3769 455 3846 jure
477 3785 584 3828 naturae
608 3771 772 3848 prohibitus,
794 3774 838 3830 vel
862 3774 976 3830 cederet
999 3773 1029 3830 in
1046 3767 1110 3830 eorl-³

183 3861 311 3926 emptum
328 3849 493 3928 Religionis,
519 3854 681 3910 scandalum
707 3854 835 3930 proximi,
858 3857 910 3914 &o
952 3855 1032 3914 Vide
1049 3859 1110 3930 qual

183 3929 296 3990 linimus
311 3931 399 3998 Num.
412 3935 461 3992 86.
475 3935 540 3992 “de
555 3934 763 3994 Matrimonio.''
