2216 4056
321 80 363 128 nr
384 81 591 133 nrnrnrrens.
865 67 922 129 lor

8 227 129 326 pelosia,
152 239 202 288 art
215 237 314 286 rantra
335 228 495 298 unanimem
517 247 686 288 eonsensum
702 229 817 292 Patrnrn
837 227 924 294 inter·

8 311 90 390 petati
104 311 219 380 audeat,
234 309 376 386 signanter
389 309 418 366 in
432 311 516 370 rebus
529 310 606 382 fidei,
621 311 666 370 rel
681 331 802 372 morum.

31 392 75 450 5⁰.
97 391 245 469 Scriptura
260 391 344 450 Serra
357 391 387 450 in
401 391 483 450 obvio
497 403 527 450 et
540 393 654 470 proprio
669 393 815 452 verborum
839 413 924 452 sensu

8 485 34 532 et
46 473 239 550 intelligenda,
253 471 307 530 nisi
320 471 425 550 aliquid
440 475 533 531 obstet
546 473 575 530 in
590 474 767 546 mntrarium,
782 494 839 552 quo
852 475 924 540 alius

8 553 130 632 pgitimus
145 554 300 632 Scripturae
313 553 343 612 S.
356 575 454 612 sensus
468 555 641 614 ostendatur.

32 636 161 713 Denique
182 655 235 714 per
259 633 376 696 clariora
398 635 550 712 Scriptum
574 637 637 697 loca
660 636 715 696 alia
735 635 827 696 mimis
850 637 926 700 clara

8 711 90 866 illem
114 716 262 776 elucidari.
303 717 408 776 Contra
432 718 514 794 quod,
529 731 648 796 peccant
667 717 802 790 haretici,
824 720 925 795 quibus

8 867 9 870 Ἴ
46 799 122 858 iliare
137 813 183 858 est
196 799 319 876 arripere
332 797 394 858 loca
407 799 537 876 quadam
561 801 690 872 obseura,
705 801 741 860 od
755 802 926 877 quaomnia

8 875 72 968 'ptiom
85 879 244 940 durissima
262 879 439 956 detorquent.

18 1123 49 1182 N.
68 1126 118 1184 66.
159 1124 221 1184 DE
243 1121 575 1186 TRADITIONIBUS
598 1123 834 1188 SECUNDUM
857 1125 905 1186 SE

177 1205 422 1274 EARUMQUE
442 1206 735 1268 DIVISIONIBUS.

8 1363 176 1448 Irradoio
186 1369 348 1443 penerotim
371 1377 498 1446 sumpto„
540 1369 583 1430 11.
607 1369 770 1428 Dividitur.
810 1369 867 1432 111.
887 1369 928 1430 In

8 1517 10 1530 .
34 1451 216 1508 traditionem
230 1451 384 1510 Divinam.
414 1447 687 1528 IV.Aportolt'eom.
717 1450 754 1510 V.
768 1449 812 1510 Et
826 1450 928 1514 Emo-

35 1533 189 1590 u'orticam.
251 1529 303 1590 v1.
337 1531 377 1592 In
409 1531 610 1606 dopmotieom
670 1531 738 1592 VII.
772 1533 928 1592 Ritualcm.

8 1607 9 1612 ’
36 1613 114 1672 VIII.
138 1611 188 1672 Et
198 1611 346 1670 mmnlem.
381 1612 489 1672 1an
504 1623 675 1692 perpetum
689 1624 716 1672 et
737 1614 929 1688 temporalem.

8 1749 11 1782 ‚
37 1694 70 1751 X.
88 1693 130 1752 Im
144 1685 338 1753 universalem
351 1703 379 1752 et
385 1695 605 1772 particularem.
647 1695 700 1754 xl.
726 1695 929 1756 Proditionem

8 1835 10 1866 Ι
37 1775 206 1854 redieritne.
247 1773 317 1834 XII.
342 1775 476 1836 Traditio
488 1777 592 1836 divion
604 1787 646 1836 eet
657 1775 758 1854 repnlo
770 1777 869 1837 Fidei.

8 1919 13 2032 ἱ
38 1936 139 2002 QUID
155 1950 201 1997 est
215 1937 349 2000 traditio?

38 2017 59 2075 I.
79 2019 117 2078 R.
132 2019 301 2082 Generatim
315 2029 426 2097 sumpta
439 2017 509 2078 nihil
525 2033 568 2078 eat
581 2019 668 2092 aliud,
693 2017 779 2096 quim
804 2021 931 2084 doctrina

8 2055 52 2190 hon
64 2102 169 2180 scripta
180 2123 189 2159 ι
200 2121 260 2158 non
271 2101 351 2177 quasi
363 2099 463 2162 nullibi
474 2103 642 2178 reperiretur
655 2103 777 2180 scripte:
792 2103 841 2162 sed
855 2105 932 2180 quod

9 2197 52 2258 non
65 2183 101 2242 sit
114 2183 223 2260 scripta
237 2181 255 2242 a
269 2202 321 2240 suo
334 2176 461 2254 authore,
483 2201 536 2242 neo
549 2185 584 2247 ab
599 2203 634 2242 eo
647 2183 760 2256 dictata,
782 2197 816 2243 nt
829 2187 933 2246 scribe·

12 2274 80 2321 retur.

9 2321 11 2348 Ι
42 2343 165 2404 Traditio
180 2345 276 2421 itaque
289 2357 372 2422 prom
386 2343 544 2422 theologice
558 2345 686 2414 sumitur,
701 2346 810 2404 definiri
821 2361 933 2425 potesta

14 2419 135 2486 Doctrina
148 2427 188 2486 nd
203 2426 381 2503 Religionem
395 2427 547 2504 pertinens,
561 2445 626 2504 qnae
639 2431 657 2488 i
671 2447 723 2484 suo
737 2427 855 2488 authore
869 2428 934 2488 viva

14 2523 67 2564 rore
77 2508 311 2579 communicatur,
321 2509 394 2568 etad
404 2521 532 2585 posteros
545 2507 751 2580 transmittitur,
762 2509 822 2570 sire
835 2525 935 2590 postea

9 2585 39 2666 ab
50 2588 139 2668 aliquo
153 2589 261 2666 scripta
274 2585 319 2659 sit,
333 2589 392 2648 sive
407 2610 472 2648 non.

9 2739 11 2754 Ι
45 2671 193 2734 Quomodo
206 2669 341 2730 dividitur
355 2670 506 2730 Traditio?

44 2750 80 2808 II.
101 2753 139 2811 R.
157 2757 204 2812 1⁰.
226 2751 348 2812 Ratione
362 2752 476 2830 originis
490 2771 541 2810 sen
553 2750 678 2811 authoris
691 2753 736 2811 sui
757 2753 787 2811 in
808 2753 936 2814 traditio-

9 2847 66 2920 Γιιιιιι
79 2833 225 2903 Divinam,
241 2834 491 2910 apostolieae
507 2834 742 2894 Ecclesiasticam.

47 2914 87 2972 2⁰.
94 2915 217 2974 Ratione
225 2916 350 2976 materie
360 2916 389 2974 in
400 2915 579 2974 traditionem
590 2917 788 2992 dogmaticam,
796 2917 935 2990 armum,

9 3004 38 3082 pt
48 2996 188 3056 moralem.
804 3014 806 3018 '

48 3077 89 3134 3⁰.
110 3078 234 3142 Ratione
248 3077 402 3136 durationis
416 3079 445 3136 In
459 3090 623 3156 perpetuam
638 3090 667 3136 et
680 3079 872 3156 temporalem.

9 3221 11 3240 4
49 3159 92 3216 4⁰.
117 3159 242 3222 Ratione
256 3159 311 3218 loci
325 3160 353 3216 in
367 3159 552 3218 universalem
567 3173 596 3218 et
610 3160 815 3238 particularem.

49 3239 116 3303 Qua
131 3239 261 3300 Traditio
274 3241 378 3298 dieitur
392 3241 519 3301 Divina?

51 3320 100 3380 III.
121 3321 159 3382 R.
181 3322 235 3380 Est
250 3323 364 3380 verbum
379 3322 436 3380 Dei
451 3343 506 3381 non
521 3322 667 3400 scripturn,
692 3321 752 3382 sive
772 3333 816 3381 est
835 3325 938 3388 veritas

23 3399 135 3464 divinitas
147 3403 287 3462 EccleeIae
297 3403 429 3470 revelata,
441 3417 470 3464 et
480 3403 498 3462 ir
508 3403 658 3482 majoribus
667 3405 702 3461 ad
713 3415 839 3481 posteros
850 3417 939 3470 trans·

24 3481 70 3542 Insa
87 3485 146 3548 sine
172 3485 278 3562 scripto
301 3483 426 3545 authoris
451 3486 597 3546 canonici:
619 3485 758 3562 Exempla
781 3487 940 3550 traditionis

24 3559 118 3626 Divina
131 3580 207 3637 sunt,
222 3586 284 3624 esse
298 3578 406 3644 septem
423 3567 602 3626 Sacramenta
615 3587 668 3626 neo
681 3568 762 3644 plura
774 3588 827 3626 nec
843 3571 940 3647 panci-

26 3661 69 3718 Οτι,
91 3668 151 3710 esse
166 3661 287 3725 quatuor
309 3647 482 3725 Evangelia3
497 3649 651 3725 Deiparam
676 3669 787 3728 semper
806 3650 940 3710 mansisse

27 3721 161 3805 Virginem,
175 3731 297 3788 infantes
311 3749 376 3788 esee
390 3730 582 3808 baptizandos,
604 3741 633 3788 et
648 3730 722 3790 varia
736 3749 799 3808 quae
812 3741 941 3808 spectaui
1054 3723 1060 3732 ”

26 3808 302 3876 adStortaneatornnr
317 3812 446 3872 materias
460 3823 490 3872 et
503 3811 614 3870 formas.
