2248 4070
399 126 443 170 na
462 125 612 169 onerans..
785 135 790 142 ·
921 111 982 194 305

62 353 101 412 Ν.
120 354 173 410 37.
214 352 273 412 DE
287 351 585 412 OBLIGATIONE
607 351 730 412 LEGIS
753 351 960 414 AFFIRMA-

290 433 399 494 TIVAE
421 435 475 494 ET
497 435 739 494 NEGATIVAE.

42 601 65 658 Ι.
92 599 186 674 Lepas
209 595 387 676 (firmativo
410 607 437 656 et
461 600 595 674 nepetino
646 599 687 658 ΙΙ.
723 597 843 676 Semper
864 597 980 676 oblepet.

79 677 139 738 ΙΙΙ.
162 677 351 758 Affirmotr'ea
373 701 432 740 ιιοιι
456 681 498 740 ud
517 699 634 760 semper.
676 679 729 738 IV.
749 679 897 757 Neqmiva
920 702 979 740 reme

80 781 202 839 semper.
973 817 977 828 .

80 923 283 991 QRAENAM
297 924 344 983 lex
355 923 458 984 dieitur
470 923 644 993 affirmativa,
665 944 729 1002 quae
743 925 896 1002 negativa?

81 1007 106 1066 1.
129 1007 169 1065 R.
192 1007 370 1066 Affirmativa
392 1019 446 1077 est,
467 1026 531 1082 quae
556 1006 685 1101 praecipit
708 1018 802 1064 actum
817 1007 978 1096 positivum,
1044 1009 1090 1058 *x

43 1109 67 1146 v.
81 1109 110 1164 g.
134 1089 308 1147 auditionem
335 1087 451 1146 Mieaoe:
475 1089 616 1164 negativa,
636 1109 700 1164 quae
721 1087 851 1166 prohibet
875 1079 979 1160 aetum,

44 1192 67 1228 v.
79 1191 107 1246 g.
123 1169 222 1228 “Non
236 1171 341 1228 Ιιιιιιιιιι
355 1169 467 1228 facien?
508 1169 582 1228 Vide
598 1169 755 1228 Numerum
769 1171 816 1230 ll.

80 1252 237 1314 Quomodo
251 1251 356 1328 obliget
370 1249 417 1310 lex
430 1251 605 1321 affirmative,
627 1253 769 1328 quomodo
784 1251 938 1328 negativa?

82 1333 129 1390 ΙΙ.
142 1333 303 1392 Commune
320 1331 557 1392 Scholasticorum
571 1354 735 1414 responsum
750 1347 793 1392 est
806 1333 880 1392 hoc:
902 1335 979 1410 leges

44 1415 216 1474 affirmativa
231 1415 357 1492 obligant
369 1435 490 1492 semper,
505 1415 556 1474 sed
570 1436 627 1474 nou
641 1417 677 1474 ad
691 1436 820 1496 semper:
841 1417 978 1492 negativae

45 1497 168 1573 obligant
183 1517 294 1574 semper
307 1510 336 1556 et
350 1497 385 1556 ad
400 1518 518 1575 semper.

81 1579 204 1656 Explica
217 1579 360 1636 terminos.

81 1660 122 1718 ΙΙ.
145 1661 184 1718 R.
206 1660 269 1719 Lex
290 1660 393 1719 dicitur
415 1661 576 1738 obligare“
591 1659 725 1737 semper?
728 1659 821 1738 ’quia
835 1661 913 1720 nullo
927 1682 979 1720 uu-

45 1761 123 1816 quam
139 1753 278 1819 tempore
273 1742 349 1800 lieet
373 1743 479 1820 aliquid
501 1763 593 1820 agere,
617 1763 673 1821 quo
695 1743 742 1802 lex
757 1741 865 1802 directe
878 1745 978 1802 1··edde

43 1836 118 1881 retur
131 1823 262 1882 inefficax
275 1843 328 1900 pro
342 1823 392 1882 illo
405 1839 541 1902 tempore,
567 1846 622 1900 quo
637 1836 680 1883 est
694 1823 854 1902 implenda:
876 1825 917 1884 sie
931 1825 979 1882 lex

44 1905 181 1964 recitandi
196 1905 289 1966 Horas
304 1905 459 1968 Canonicas
474 1905 579 1984 obligat
595 1905 785 1975 Sacerdotem,
808 1925 845 1964 ne
865 1905 980 1992 abjiciat

45 1985 236 2055 Bremenium
258 2000 431 2064 proeeeptum
456 1987 640 2046 restitutionis
662 1987 775 2064 obligat,
801 2007 837 2046 ne
850 1988 979 2064 peouniae

46 2068 252 2170 dilapidentur;
271 2081 445 2146 praeceptum
459 2069 593 2128 audiendi
608 2069 739 2138 Missum,
754 2089 790 2126 ne
805 2067 867 2144 quis
880 2069 980 2126 v·olun

46 2151 111 2208 orie
125 2171 158 2208 se
172 2163 309 2227 agrotum
324 2151 417 2220 faciat,
439 2163 471 2209 ut
486 2151 526 2209 ita
540 2151 658 2208 Missam
674 2171 729 2210 non
741 2149 847 2208 audiat.

85 2231 141 2290 111.
172 2233 234 2290 Lex
249 2233 415 2292 affirmativa
433 2232 535 2292 dieitur
549 2233 698 2308 obligare
687 2252 808 2328 semper,
829 2233 912 2292 sed“
923 2253 979 2292 ιοιι

48 2314 111 2372 “ad
125 2315 263 2392 semper?
265 2315 358 2390 'quia
367 2335 418 2391 per
429 2335 459 2372 se
473 2313 615 2390 loquendo
629 2334 685 2372 non
695 2314 832 2392 praecipit,
854 2327 886 2372 ut
900 2329 979 2374 actus

47 2397 269 2473 omnitempore
293 2409 323 2454 et
345 2397 421 2454 omni
446 2409 589 2459 momento
610 2409 738 2474 ponatur,
759 2397 810 2454 sed
833 2395 924 2454 solum
947 2411 980 2456 ut

48 2493 171 2554 tempore
196 2477 392 2536 determinatio
414 2492 553 2572 ponetur:
575 2477 615 2536 sic
639 2477 727 2536 Horae
750 2477 900 2538 Canonicae
923 2498 981 2539 nou

49 2561 149 2616 dehent
162 2559 274 2618 recitari
288 2580 338 2636 per
352 2559 446 2616 diem
440 2573 590 2636 rntegrum,
605 2561 655 2616 sed
670 2572 758 2618 statut
747 2560 783 2618 tie
794 2560 978 2638 temporibus.

87 2642 293 2700 Potesttamen
313 2641 359 2698 lex
373 2641 540 2699 affin-metim
558 2641 677 2716 quodam
693 2654 824 2718 respectu
838 2641 894 2699 dici
909 2641 980 2699 obli-

50 2743 109 2798 gare
123 2723 159 2780 ad
174 2743 293 2800 semper,
315 2722 479 2798 inquantum
495 2742 595 2798 nempe
609 2721 728 2784 includit
745 2723 912 2800 negativum,
934 2724 979 2788 vel

49 2805 69 2860 si
82 2805 212 2881 respiciat
226 2803 463 2864 universalitatem
479 2805 632 2870 notionum,
654 2803 712 2860 sive
731 2803 754 2860 si
774 2818 853 2862 aetus
869 2805 980 2862 virtutis

50 2885 201 2944 virtualiter
215 2905 391 2963 perseverare
406 2887 524 2944 debeat:
547 2883 587 2944 sie
602 2884 721 2944 charitas
736 2885 793 2944 Dei
808 2887 892 2944 debet
907 2907 979 2944 sem-
1015 2947 1019 2956 ,

50 2969 206 3044 perdurare
220 2981 285 3026 antu
301 2967 464 3044 velyirtute
479 2965 525 3024 hio
539 2965 566 3022 iu
583 2967 672 3024 oemio.

86 3049 136 3106 lV.
158 3049 219 3107 Lex
240 3049 369 3126 negativa
393 3049 496 3108 dicitur
520 3047 644 3126 obligare
659 3049 723 3106 “ad
742 3048 890 3124 semper;'’
913 3050 979 3125 quia

50 3151 94 3206 per
105 3151 134 3188 se
148 3131 256 3188 nullum
269 3143 312 3188 est
326 3146 509 3199 momentum,
531 3152 587 3208 quo
602 3131 684 3188 liceat
699 3143 791 3188 actum
807 3129 979 3206 prohibitum

51 3231 166 3286 ponere:
187 3213 227 3270 ita
241 3212 319 3270 nullo
332 3233 454 3288 unquam
469 3226 597 3289 tempore
611 3213 678 3271 licet
693 3211 785 3280 furari,
807 3211 858 3270 &o

69 3374 104 3432 N.
128 3376 176 3432 38.
218 3373 275 3434 DE
300 3375 592 3434 OBLIGATIONE
614 3375 736 3434 LEGIS
759 3375 958 3446 MORALIS,

290 3457 484 3516 POENALIS
506 3457 560 3516 ET
579 3457 744 3516 MIXTAE.

51 3620 72 3678 1.
91 3619 293 3686 Lesmoralia
336 3619 377 3678 ΙΙ.
399 3619 539 3690 Pertalis,
576 3619 631 3678 111.
655 3617 812 3679 Etmiete.
847 3619 898 3677 lV.
923 3622 945 3677 Ι

82 3701 212 3777 putative
226 3704 318 3760 misem
330 3700 438 3776 oblique
459 3703 500 3760 ad
518 3713 680 3780 tetrumque.
722 3702 759 3759 V.
778 3701 877 3760 Error
890 3722 924 3760 eo

90 3783 139 3842 VI.
159 3783 350 3862 Diejuuctiva
374 3783 415 3842 ad
436 3779 616 3844 alterutrum.
658 3783 726 3850 vn.
756 3781 807 3842 An
829 3785 913 3841 detur

82 3885 158 3941 pure
150 3863 303 3944 poenalis.
