2248 4070
57 89 60 96 ’
168 92 230 152 381
306 91 308 100 ’
415 153 417 162 Α
537 103 730 148 materanos

206 254 278 332 obj.
301 253 342 312 11.
357 253 386 312 S.
412 252 487 328 Aug.
511 245 560 310 lib.
581 256 600 286 ‘¹
610 252 646 309 de
664 251 709 309 10.
724 249 870 319 Chordis,”
893 269 957 330 cap.
972 253 1005 309 3.
1020 251 1095 311 dicit:

171 337 277 396 Melius
305 335 415 402 semina
442 334 606 392 Judoeorum
635 333 681 390 die
710 333 824 390 Sabbati
849 333 939 391 lanam
966 335 1095 400 lacerent,

168 418 253 496 qnam
269 418 343 494 quod
359 417 418 475 tota
432 416 478 476 die
492 415 521 472 in
535 414 689 474 neomeniis
703 415 761 472 suis
781 415 923 492 impudice
948 417 1096 474 saltarent:

167 521 188 559 e
239 501 313 568 ‚bct
399 517 402 526 “

188 521 249 642 wll.
264 581 294 642 S.
309 582 385 656 Aug.
399 577 506 637 tantum
521 577 591 647 vult,
613 575 714 634 melius
728 597 779 634 seu
793 577 884 634 minus
905 577 1017 636 malum
1035 597 1097 646 esse,

169 683 238 722 nere
252 664 298 720 die
322 661 415 729 Festo,
440 664 525 736 quam
548 658 733 736 impudicitiis
756 657 923 736 indulgere:
944 672 976 717 et
1001 659 1098 716 eodem

170 746 256 804 modo
269 743 430 821 responderi
452 752 545 818 potest
566 741 602 798 ad
617 740 647 798 S.
662 741 853 811 Ambrosium,
878 741 908 800 S.
930 742 1098 810 Antonium,

169 828 223 885 duc.
235 827 285 904 qui
300 827 428 884 videntur
441 822 600 902 oppositum
614 821 726 880 sentire.
778 863 780 872 .

171 989 209 1048 N.
223 990 271 1048 86.
311 987 369 1047 DE
391 985 572 1046 MALITIA
594 983 820 1047 DISTINCTA
842 984 898 1044 OB
919 985 1098 1046 CIRCUM-

454 1067 673 1127 STANTIAM
689 1065 815 1125 FESTI.

310 1193 335 1252 1.
361 1192 442 1264 oute
451 1191 553 1272 saeue
564 1193 779 1250 emmaum
792 1192 850 1250 um
864 1189 957 1250 Fau.

212 1315 271 1375 AN
285 1315 492 1374 circumstantia
505 1314 561 1372 diei
576 1313 652 1372 Festi
675 1314 754 1373 addit
778 1314 912 1372 malitiam
936 1313 1096 1373 distinctam

170 1398 248 1458 omni
260 1409 376 1476 peccato
397 1396 531 1454 mortali?

211 1481 236 1540 Ι.
251 1479 287 1538 11.
302 1479 410 1536 Natalis
427 1477 594 1546 Alexander,
609 1477 734 1547 Genetii‚
750 1476 892 1536 Hearicus
903 1475 920 1536 it
932 1475 963 1535 S.
979 1474 1092 1553 ignatio,

171 1562 275 1628 colle,
289 1574 318 1618 et
332 1561 393 1617 fuse
408 1559 533 1618 Concina
554 1559 602 1616 lib.
627 1560 653 1617 l.
675 1559 738 1616 “d‘e
760 1559 908 1636 praeceptis
933 1559 1093 1617 Ecclesiae?

170 1643 280 1700 dissert.
303 1644 332 1699 2.
357 1659 419 1718 cap.
443 1642 472 1697 3.
499 1659 563 1698 cum
591 1639 731 1717 plerisque
759 1641 962 1718 antiquioribus
991 1641 1092 1710 volunt,

170 1723 404 1783 circumstantiam
419 1722 475 1779 diei
491 1721 566 1779 Festi
579 1723 766 1798 superaddere
784 1735 899 1799 peccato
922 1723 1036 1780 mortali
1049 1743 1093 1780 no·

142 1825 231 1868 ,vam
253 1805 385 1862 malitiam
412 1803 572 1861 mortalem:
595 1805 688 1861 verbm
712 1802 878 1862 dSuarezio
901 1816 931 1862 et
955 1804 1092 1881 plerisque

168 1887 368 1946 recentioribus
382 1884 444 1942 ltaec
457 1885 595 1958 sententia
608 1884 748 1962 rejicitur:
768 1885 798 1942 bi
818 1899 912 1944 autem
933 1885 1092 1954 admittant,

169 1967 405 2027 circumstantiam
434 1967 491 2024 diei
519 1967 595 2025 Festi
625 1977 742 2044 peccato
768 1968 881 2026 mortali
908 1968 1092 2044 superaddere

168 2050 301 2108 malitiam
318 2049 454 2107 venialem
464 2048 617 2124 sacrilegii:
631 2049 696 2124 quia
709 2061 853 2126 peccatum
869 2050 987 2108 mortale
994 2069 1091 2127 repug-

167 2143 217 2190 nat
230 2131 278 2188 fini
293 2130 426 2207 praecepti
440 2143 469 2187 et
483 2131 623 2188 sanctitati
637 2131 780 2207 temporis.

210 2211 317 2271 Meritb
340 2232 403 2270 cum
431 2212 460 2270 S.
476 2211 620 2270 Antonino
643 2213 813 2288 deploranda
834 2212 946 2270 caecitas
961 2211 1093 2273 Christia-

167 2313 277 2362 norum‚
292 2294 340 2369 qni
364 2295 444 2371 plara
458 2306 487 2350 et
508 2293 634 2369 graviora
655 2305 770 2370 peccata
794 2295 974 2352 committunt
996 2295 1092 2374 diebus

85 2377 90 2402 ⁸
149 2376 325 2455 ¹Dominicis
340 2389 369 2434 et
384 2375 482 2448 Fastis,
497 2375 581 2450 quam
597 2395 647 2451 per
660 2387 747 2434 totam
762 2377 965 2452 septimanam:
986 2389 1016 2434 et
1031 2374 1091 2432 binc

167 2457 313 2515 horrendae
327 2457 387 2514 istm
402 2457 556 2524 sententies,
573 2457 654 2514 leniae
668 2477 692 2514 c.
712 2461 736 2514 l.
747 2457 783 2514 V.
801 2458 847 2514 lt.
867 2463 885 2492 ‘⁶
896 2457 1091 2516 Solemnitates

168 2545 187 2574 ‘⁴
202 2553 305 2596 vestras
319 2540 407 2596 odivit
421 2539 512 2596 anime
527 2537 613 2607 mea,'’
626 2551 655 2596 et
679 2537 834 2596 Ezechielis
854 2557 915 2616 cap.
931 2541 980 2598 20.
996 2540 1031 2597 V.
1049 2541 1091 2595 13.

168 2619 323 2684 “Sabbata
349 2639 413 2680 mea
439 2619 613 2677 violaverunt
640 2618 837 2678 vehementer:
872 2620 931 2678 dixi
958 2641 1034 2698 ergo,
1061 2633 1090 2683 ut

168 2707 186 2738 “
200 2701 372 2762 elbruderem
388 2703 506 2759 furorem
517 2719 609 2758 :nsum
619 2721 760 2778 supensos
771 2714 800 2758 et
814 2721 1006 2761 consumerem
1020 2703 1090 2760 eos''

209 2782 282 2842 Satis
296 2784 380 2841 etiam
395 2783 580 2841 communiter
599 2783 755 2840 admittitur
777 2784 1013 2842 circumstantiam
1038 2784 1090 2841 diei

168 2863 244 2923 Festi
258 2865 406 2940 aliquando
420 2865 604 2940 superaddere
625 2861 758 2922 malitiam
781 2865 926 2924 mortalem
944 2866 1089 2943 sacrilegii,

166 2947 251 3022 idque
264 2947 373 3004 duobus
387 2945 430 3004 his
440 2946 566 3003 casibus:

211 3030 256 3084 1⁰.
271 3029 317 3086 Ob
341 3027 493 3086 notabilem
517 3027 700 3105 quantitatem
725 3028 866 3104 temporis,
889 3041 973 3106 prout
993 3030 1017 3086 ai
1032 3031 1088 3106 quis

167 3111 237 3168 :luas
250 3123 342 3168 tresve
356 3109 438 3167 horas
451 3109 604 3166 insumeret
618 3108 755 3178 ebrietati,
769 3109 886 3188 libidini,
910 3111 1002 3188 pravls
1027 3133 1088 3170 con-

166 3191 267 3257 sortiis,
283 3193 334 3250 &a
347 3193 419 3249 ratio
432 3203 483 3258 est,
499 3191 573 3265 quod
585 3191 714 3249 notabilis
727 3211 791 3268 pars
805 3192 861 3248 diei
878 3191 951 3250 Festi
964 3193 1088 3258 violetur,

165 3285 195 3331 et
209 3273 271 3330 finis
285 3272 417 3351 praecepti
432 3272 551 3349 positive
572 3271 740 3350 impediatur
754 3285 783 3330 et
797 3274 962 3333 excludetur
975 3275 1088 3334 notabili

166 3367 302 3430 tempore.
717 3393 721 3400 »

208 3439 257 3493 2⁰.
270 3437 324 3494 llla
336 3435 543 3494 circumstantia
556 3436 666 3493 videtur
679 3435 781 3493 addere
791 3436 924 3514 malitiam
937 3437 1088 3505 mortalem,

166 3517 264 3574 saltem
280 3516 479 3574 enormioribus
494 3517 616 3594 peccatis
631 3517 786 3574 commissis
800 3518 830 3574 in
851 3519 953 3576 celebri
972 3521 1087 3596 quadam

166 3597 325 3666 festivitate,
339 3609 371 3654 ut
385 3597 430 3654 die
445 3597 570 3669 Paschae,
582 3599 772 3667 Pentecostes,
788 3599 950 3658 Natiuitatis
965 3601 1087 3667 Domini,

115 3721 116 3728 ,
166 3677 235 3734 feriri
250 3679 277 3734 6.
292 3677 477 3736 Parasceves:
499 3681 549 3737 &c
564 3679 635 3736 ratio
649 3693 700 3746 est,
715 3681 789 3754 qnod
804 3679 858 3738 hoc
871 3701 937 3739 casu
951 3681 1088 3740 excellens

166 3758 298 3818 sauctitas
313 3758 431 3815 violetur
443 3777 478 3816 ex
493 3781 536 3828 eo,
551 3761 625 3836 qubd
639 3761 696 3818 illis
709 3761 809 3820 diebus
830 3781 939 3820 summa
959 3763 1089 3842 mysteria

166 3837 332 3897 recolantur.
373 3839 446 3896 Vide
462 3840 552 3900 Num.
563 3843 610 3900 80.
633 3841 962 3904 *5110(ἶίτειιιιιεῑειῐιιίἱει.η
