2226 4064
357 154 399 196 nu
419 153 565 200 caereus·
644 118 649 132 ⁸
733 107 737 120 ¹
878 137 940 198 ata

48 296 125 357 Hinc
150 297 312 367 notandum,
337 297 430 374 eliqua
450 317 512 358 esse
536 296 656 376 dejure
680 310 787 357 naturae
815 299 939 358 mediate

13 381 123 448 tantdnr,
153 380 222 457 poti
248 380 389 440 mediante
417 392 571 450 contractu,
603 394 694 456 pecto,
730 382 782 438 &c
818 399 878 456 quae
913 382 938 437 ei

12 475 209 530 removeantur,
234 459 282 538 jus
303 473 410 522 notura
432 461 552 538 ampllris
577 462 671 523 locam
694 481 750 520 uon
775 461 877 520 hebet:
898 465 939 520 sic

13 543 96 600 valida
108 542 258 619 promissio
272 543 378 620 obligat
386 543 450 619 jure
464 557 581 612 naturae,
591 544 641 600 sed
652 543 835 620 promissione
850 544 939 600 disso-
1012 603 1014 610 χ

12 622 72 690 luti,
87 624 192 681 desinit
206 625 357 700 obligatio;
378 623 511 702 quiajos
530 638 638 683 naturae
662 627 770 683 tantiun
796 625 939 702 obligabat

12 705 147 762 mediante
161 706 355 782 promissione.

46 785 181 862 obj.1v.
205 787 287 844 Deus
308 787 337 844 in
361 787 500 863 aliquibus
524 799 618 864 potest
639 799 750 846 mutare
766 785 936 846 'materiarur

12 887 70 943 ergo
84 867 173 925 etiarn
188 869 357 944 dispensare.
392 869 530 928 Probatur
544 869 759 944 consequentia:
774 869 823 926 illa
837 871 893 926 duo
907 869 937 926 in

11 949 105 1030 ellectu
120 963 189 1008 sunt
202 951 339 1026 aequalia:
359 971 426 1027 ergo
439 951 464 1008 si
478 951 566 1028 possit
579 965 676 1018 unum,
691 951 794 1026 poterit
809 963 837 1008 et
851 951 938 1008 eliud.

46 1031 81 1088 R.
105 1031 183 1108 Neg.
208 1052 320 1106 conseq.
344 1053 417 1102 nem,
443 1033 510 1090 dum
530 1033 612 1090 Deus
633 1032 662 1088 in
687 1032 826 1108 aliquibus
848 1045 939 1092 mutat
1031 1057 1033 1064 ¹

12 1111 161 1182 materiam,
183 1112 236 1170 hoc
261 1113 328 1171 iecit
362 1127 494 1190 tanquam
522 1133 668 1190 supremus
702 1113 778 1170 illius
813 1114 938 1174 materiae

12 1194 159 1262 Dominus,
174 1194 306 1270 illamque
321 1198 454 1252 mutando
468 1195 563 1264 efficit,
577 1205 610 1252 ut
632 1194 670 1263 id,
692 1195 766 1270 quod
791 1207 855 1253 ante
879 1209 939 1252 erat

12 1275 132 1352 sublege
149 1287 265 1346 neturae,
276 1277 335 1353 jem
350 1279 402 1334 sub
416 1277 465 1336 illa
477 1282 534 1334 uon
556 1276 611 1334 sit:
632 1277 728 1333 veritur
751 1276 939 1352 dispensando

13 1358 118 1414 deberet
133 1357 217 1415 Deus
231 1359 332 1428 iacere,
347 1359 432 1428 otiu,
447 1359 523 1434 quod
542 1359 595 1416 sub
618 1357 684 1434 lege
704 1370 748 1416 est
771 1371 801 1415 et
825 1359 939 1426 malurn,

14 1457 118 1495 maneus
145 1440 283 1516 sublege
307 1441 387 1498 fieret
410 1442 445 1498 ab
469 1440 563 1515 aliquo
586 1451 615 1498 et
638 1459 693 1496 nou
717 1452 791 1496 esset
816 1439 938 1506 malurn:

14 1521 177 1596 dispensatio
192 1521 265 1579 enim
281 1522 313 1579 tit
326 1535 456 1579 manente
469 1521 532 1597 lege
547 1531 576 1579 et
586 1517 711 1578 'materii
726 1539 793 1577 non·
805 1522 938 1578 mutatis:

11 1601 58 1677 jam
72 1613 170 1660 autern
183 1603 320 1680 implicat,
334 1615 368 1660 ut
380 1623 425 1660 res
446 1623 481 1660 ex
505 1599 604 1660 naiurir
625 1597 676 1660 suti
701 1602 782 1670 mela,
808 1617 939 1661 manente

12 1684 66 1758 lege
80 1695 109 1740 et
125 1683 241 1742 meterii
254 1691 313 1742 'non
328 1685 452 1754 mutatis,
465 1685 515 1742 fiat
528 1683 614 1742 licita.
932 1681 941 1704 “’

45 1764 98 1821 111.
114 1764 163 1822 Ex
188 1766 271 1823 dictis
292 1766 401 1842 collige,
426 1767 502 1841 qubd
523 1764 636 1843 injure
659 1776 767 1822 naturae
791 1765 939 1840 adaequate

12 1864 137 1923 expresso
151 1847 262 1904 admitti
272 1859 412 1923 nequeant
422 1847 572 1923 abnegatio,
583 1847 735 1920 derogmio,
749 1858 799 1903 aut
808 1847 937 1905 irritatio.

44 1929 92 1984 An
106 1929 303 2006 interpretatio
316 1929 392 1986 cedit
405 1928 435 1985 in
448 1928 539 2003 legem
554 1928 683 1986 naturae?

44 2009 154 2068 1V.R.
176 2010 264 2068 Nuda
287 2022 317 2068 et
340 2010 460 2086 simplex
483 2009 684 2087 interpretatio,
708 2011 774 2085 quse
795 2021 839 2068 est
861 2019 949 2068 mera'

13 2090 74 2166 legis
88 2091 251 2168 explicatio,
266 2093 296 2148 in
310 2092 373 2168 lege
387 2097 495 2150 natu'rae
508 2091 684 2158 admittiturr
705 2091 779 2166 quie,
800 2089 867 2150 cirin
881 2099 948 2148 non'

12 2173 97 2230 omnia
110 2171 304 2250 legis‘natnrae
328 2173 470 2250 prieetr'pta
490 2173 548 2230 sint
572 2173 653 2248 aequd
671 2177 749 2241 butu
769 2173 938 2247 querrdoquc

12 2253 249 2331 termiui'erponi
277 2255 390 2323 debant,
418 2265 450 2312 ιιι
477 2273 574 2328 sensrrs
603 2254 749 2330 praecepti'
764 2265 948 2330 exportatum·

13 2335 98 2392 verbm
107 2333 171 2392 'hoc
184 2336 290 2394 nullam
304 2337 333 2392 in
344 2335 408 2414 jure
422 2335 730 2394 natumrnutatibuerir
739 2335 839 2411 ar'guit.
941 2355 947 2384 r

47 2419 92 2474 An
109 2417 234 2494 Epikeia
245 2418 276 2474 in
291 2418 353 2494 lege
366 2421 476 2475 naturae
488 2418 581 2476 locam
597 2416 704 2474 habet?
839 2457 842 2467 ι
942 2445 945 2460 ·

46 2498 80 2555 V.
106 2499 145 2556 R·.
170 2499 244 2575 Neg.
267 2499 332 2574 quia
354 2499 539 2576 Epikeiaest
560 2499 688 2574 quradar'n
702 2497 847 2556 :correctio
867 2492 945 2574 Iegis·
1037 2563 1046 2588 ⁸

13 2579 155 2656 desumpta
168 2599 203 2638 ex
217 2582 350 2656 aequitate
363 2593 392 2638 et
405 2594 576 2657 praeaumpra
590 2580 771 2656 Legislatoris
786 2581 939 2649 voluntate,

14 2663 146 2734 qnatenus
162 2662 206 2720 lex
220 2663 416 2720 universaliter
428 2663 485 2720 late
498 2681 555 2719 nou
569 2673 662 2738 potest
686 2661 888 2719 rationabiliter
908 2661 938 2718 iu

14 2743 174 2815 quibusdam
188 2744 298 2802 casibus
311 2743 461 2813 observari,
475 2763 546 2820 quos
556 2756 649 2802 tamma
664 2743 854 2819 Legislatord
876 2743 941 2819 lege

15 2843 57 2880 sna
82 2845 141 2882 non
166 2826 296 2902 excepit:
318 2827 412 2900 veritur
437 2824 490 2884 hoc
515 2826 610 2884 locum
634 2843 691 2882 nen
716 2823 800 2882 babet
822 2826 852 2881 in
875 2825 942 2900 lege

15 2919 133 2973 natum:
169 2907 236 2982 quia
263 2907 403 2984 quidquid.
426 2910 478 2965 sub
506 2907 569 2983 lege
602 2919 709 2965 naturae
741 2904 939 2983 comprehendi

14 2999 109 3062 potest,
133 3007 164 3046 re
185 2989 320 3047 interisti
340 2990 497 3047 necessarib
519 2987 783 3065 comprehenditur3
804 2989 873 3045 cum'
893 2987 942 3044 lex

15 3081 114 3127 natmoe
127 3089 184 3128 non
197 3070 414 3148 comprehendet
427 3071 481 3127 nisi
500 3059 651 3128 intr-ihsecb
665 3071 737 3127 bona
751 3069 796 3126 vel
811 3069 892 3137 mala,
908 3077 942 3126 et

15 3149 49 3207 ita
61 3151 182 3209 deiicere
195 3172 251 3209 non
264 3153 362 3228 possit,
376 3152 430 3209 nisi
445 3153 560 3210 materia
574 3163 707 3219 mutetur,
727 3171 784 3226 quo
798 3169 864 3207 casu
883 3167 941 3207 non

16 3251 59 3306 per
73 3231 231 3309 Epikeiaru‚
247 3235 295 3290 sed
309 3253 360 3310 per
374 3234 556 3292 mutationem
571 3233 695 3290 materia
709 3232 838 3290 cessabit.
938 3266 941 3279 ·

52 3313 129 3371 Hinc
143 3334 200 3372 non
214 3314 385 3391 dependere
410 3315 553 3374 voluntate
577 3313 769 3390 Legislatoris,
791 3313 940 3388 nequidem

17 3392 76 3463 Dei,
90 3408 124 3452 ut
138 3415 219 3454 casus
232 3411 346 3453 manens
360 3397 512 3454 insatiatus
525 3397 577 3453 sub
600 3395 663 3470 lege
684 3407 791 3453 neturae
813 3413 941 3471 compre·

17 3473 148 3533 bandatur
173 3478 217 3535 rol
241 3494 297 3535 uon
323 3476 592 3553 comprehendetur:
613 3477 663 3534 ubi
684 3476 713 3533 in
735 3477 798 3552 lege
820 3475 941 3534 humana

19 3559 92 3614 multi
107 3578 186 3616 casus
201 3579 256 3616 non
272 3559 545 3636 comprehenduntur
559 3560 611 3616 suh
625 3559 687 3634 lege
709 3578 744 3615 ex
769 3573 941 3635 praesumpte

18 3638 194 3716 Legislatoris
207 3641 359 3708 voluntate,
374 3641 422 3716 qui
436 3655 531 3700 tamen
545 3641 699 3698 secunddm
713 3642 832 3715 rigorem
843 3641 942 3696 verbo»

18 3739 71 3776 rnrn
99 3723 151 3779 sub
179 3722 241 3798 lege
265 3721 589 3798 comprehenderentur:
620 3734 704 3796 atque
732 3720 797 3779 hinc
825 3721 853 3778 in
878 3721 941 3796 lege

17 3799 130 3861 humana
144 3817 187 3863 est
201 3805 280 3862 locus
297 3803 434 3881 Epikeiae.
