2240 4060
123 191 182 252 tta
443 235 449 244 .
511 207 699 267 rancrpnur

166 309 237 389 obj.
259 309 283 370 1.
306 310 426 370 Psalmo
440 311 488 367 al.
502 328 530 368 v.
547 309 714 368 taicum:
736 317 754 347 ‘⁴
767 309 856 370 Beati
881 327 1015 390 quorum
1039 327 1085 368 re·

125 399 143 428 “
158 389 255 456 missas
266 387 515 466 suntiuiquitates
524 399 555 446 et
566 408 692 464 quorum
704 398 785 448 tecta
795 400 864 448 sunt
875 399 1001 466 peecata
1010 387 1034 456 ;''
1056 399 1087 446 et

124 487 153 526 v.
161 471 190 530 2.
211 463 349 536 “Beatus
361 467 416 536 vir,
430 467 478 524 oui
488 485 546 523 non
559 467 718 544 imputavit
728 467 878 526 Dominus
892 478 1052 546 peecatum
1064 465 1087 522 :’'

125 566 198 625 ergo
222 555 342 624 peccata
365 545 394 602 in
415 541 630 622 justificatione
654 565 712 604 noo
728 545 875 618 delentur,
895 548 948 606 sed
963 544 1087 606 tantun

124 635 268 704 teguntur
282 635 313 683 et
327 644 384 682 uon
400 624 593 700 imputantur.

165 703 207 762 11.
221 704 268 766 R.
289 702 378 782 Nego
390 721 509 780 conseq.
521 721 586 760 nam
597 711 718 778 peccata
727 722 793 762 esse
803 713 882 762 tecta
890 723 993 762 eoram
1008 695 1087 768 Deo,

123 781 202 844 idem
215 792 261 842 est
271 801 305 840 ao
315 801 380 840 esse
391 779 490 840 deleta
504 790 534 838 ot
545 779 668 838 abolita:
690 782 760 860 quia
773 781 910 841 “Omnia
921 781 1005 840 nuda
1016 791 1088 838 sunt

125 870 144 897 ‘⁸
159 871 190 919 et
204 872 308 938 aperta
322 859 415 918 oculis
429 857 520 936 ejus.”
561 859 612 916 Ad
626 858 714 934 Hah.
735 880 798 937 oap.
813 861 842 918 4.
856 881 884 918 v.
901 863 946 918 13.
960 879 1041 936 ergo
1055 869 1089 916 ut

122 950 245 1016 peecata
256 958 354 998 coram
367 939 434 997 Deo
449 948 528 996 tecta
538 937 607 1008 sint,
623 949 743 1014 oportet
755 937 878 997 utnulla
891 939 983 998 modo
996 937 1070 996 sint.

125 1025 129 1036 ’
164 1017 203 1077 R.
224 1017 407 1076 Adversum
423 1015 583 1074 secundum
599 1015 709 1074 dieitur
731 1017 781 1076 ille
800 1016 916 1086 beatus,
939 1017 995 1095 qui
1010 1015 1085 1074 nihil

125 1097 283 1176 comatisit,
304 1095 385 1174 quod
399 1105 500 1173 posset
522 1095 579 1172 ipsi
598 1095 738 1172 imputari
763 1096 793 1154 in
808 1109 972 1174 peceatum,
996 1094 1047 1151 vel
1062 1093 1086 1150 si

124 1185 231 1252 agutur
240 1175 277 1235 de
286 1195 331 1242 eo,
343 1174 392 1252 qui
404 1173 548 1251 peooavit,
562 1173 672 1232 dieitur
683 1186 754 1232 tuno
766 1173 850 1234 Deus
860 1195 919 1234 non
931 1177 1085 1252 imputare

123 1265 276 1330 pauentum
294 1251 368 1312 illud
377 1250 574 1314 remittendo.

125 1389 128 1396 .
168 1331 295 1410 0bj.11.
316 1331 367 1390 Ad
383 1331 472 1390 Rom.
485 1349 549 1408 cap.
573 1331 618 1388 13.
632 1350 660 1390 v.
681 1332 725 1390 14.
740 1329 865 1390 dieitur:
886 1341 903 1369 “
917 1329 1084 1390 Induimini

123 1416 143 1448 “
158 1409 322 1470 Dominum
336 1409 441 1472 Jesunr
459 1409 645 1470 Christum:”
666 1429 748 1486 ergo,
769 1415 820 1470 &a
995 1403 999 1410 ⁴

164 1489 203 1548 R.
224 1489 314 1564 Nego
328 1508 446 1566 conseq.
467 1507 533 1546 nam
555 1487 679 1546 induere
694 1490 740 1546 hic
755 1489 874 1558 dieitur,
890 1489 960 1568 quia
969 1487 1082 1564 justifi-

123 1568 201 1628 catio
215 1567 401 1628 extrinsecus
415 1566 529 1628 accedit
543 1587 582 1626 ex
602 1567 750 1626 infusione
765 1568 895 1644 Spiritus
911 1567 1015 1626 Sancti
1029 1585 1085 1644 per

122 1645 243 1704 modurn
256 1646 421 1704 ornamenti
432 1645 544 1714 animm,
557 1643 636 1724 quod
646 1666 704 1703 non
717 1647 750 1703 iit
761 1647 912 1723 persolam
923 1639 1084 1704 externam

121 1725 359 1804 imputationem,
381 1724 434 1784 seri
449 1743 503 1802 per
524 1728 670 1782 internam
686 1726 892 1794 mutationem,
906 1723 1081 1802 abjiciendo

124 1823 216 1880 opera
229 1803 430 1872 tenebrarum,
451 1801 628 1880 deponendo
643 1815 774 1862 veterem
786 1803 946 1872 hominem,
968 1809 1024 1862 &a

164 1883 361 1955 Quandonnm
377 1881 486 1939 dieitur
501 1881 585 1940 Deus
595 1875 749 1940 remittere
761 1879 916 1958 peecatum
928 1879 1083 1940 mortale?

164 1961 226 2020 111.
237 1963 276 2022 lt.
292 1960 421 2034 Quando
432 1959 574 2018 toaculam
585 1961 670 2018 istius
680 1959 794 2038 peceati
805 1959 1084 2038 abstergitaodelet

125 2059 169 2098 ex·
177 2052 276 2106 mente
291 2040 419 2100 bominis
430 2040 602 2116 peccatoris.

164 2113 224 2178 Per
237 2119 309 2197 quid
323 2116 440 2176 deletur
452 2118 567 2176 macula
579 2117 692 2194 peceati
706 2117 865 2177 mortalis?

163 2199 220 2258 tv.
232 2199 271 2256 R.
286 2198 346 2256 Per
355 2198 482 2275 gratiam
489 2197 719 2255 sanctificantem
732 2197 893 2275 quaeaDeo
902 2195 1082 2254 infunditur.

162 2277 214 2336 An
228 2287 328 2360 potest
343 2287 495 2353 peooatnm
510 2273 635 2336 mortale
650 2276 738 2336 simul
752 2275 914 2334 consistere
928 2275 957 2332 in
971 2275 1080 2334 meru

122 2351 256 2432 'subjecto
270 2374 336 2414 oum
350 2355 448 2431 gratia
461 2353 685 2414 sanctificante?
709 2355 784 2412 Item
800 2374 836 2412 an
850 2349 951 2430 potest
964 2353 1081 2412 remitti

122 2445 276 2510 peecatum
292 2432 417 2491 mortale
432 2433 496 2491 aine
510 2430 659 2490 infusione
673 2433 777 2510 gratia·
791 2431 1028 2492 sanctificantia?

163 2513 202 2571 R.
218 2513 387 2590 Utrumque
397 2511 460 2570 fieri
511 2510 1078 2588 ssedepotentiaDeiabsolutaquidam

122 2589 305 2660 existimant,
327 2591 378 2649 sed
393 2531 559 2650 inutiffest
574 2590 633 2664 hoo⁶
644 2589 804 2668 inquirere,
830 2587 1077 2668 quiasecundilm
1105 2619 1106 2624 κ

120 2665 298 2746 praesentem
324 2667 695 2734 ordinationemdivinam
724 2679 838 2726 certum
867 2677 922 2737 est,
949 2667 1077 2746 gratiam

122 2745 352 2822 sanctificantem
365 2753 422 2806 no'n
432 2747 594 2806 consistere
604 2765 669 2804 oum
682 2750 804 2822 p'eoeato
814 2745 942 2816 mortali,
957 2745 1077 2812 neohoo

122 2825 186 2914 siue
201 2825 285 2912 istius
299 2827 404 2906 gratim
418 2825 566 2884 infusione
579 2825 703 2884 remitti.

117 2977 164 3084 nr]
184 3027 232 3085 aa
260 3023 321 3128 pn
341 2977 856 3160 tusrrnrpoppffiirnrrvn
877 3019 1072 3080 umanu-

144 3223 169 3304 1,
189 3217 310 3304 Juetitia
331 3221 499 3303 imputativo
541 3219 584 3280 11.
603 3219 759 3298 Repupnot
773 3217 932 3296 Sermtaroe
948 3215 1055 3278 Sacro.

162 3376 650 3442 1.,PR03Acontrahaerettcos:
672 3373 750 3454 quod
760 3373 937 3454 justificatio
946 3373 1072 3434 formali·

123 3467 171 3517 ter
184 3456 236 3514 fiat
245 3475 298 3530 per
312 3456 489 3514 infusionem
499 3455 603 3534 gratim
613 3453 771 3512 habitualis
780 3453 953 3512 inlroerentrs
962 3473 1072 3522 anima,

124 3553 182 3592 uun
194 3535 265 3590 vero
277 3553 328 3608 per
334 3533 482 3610 justitiam
496 3533 608 3596 Christi
618 3532 703 3590 nobis
712 3534 880 3590 extrinseco
891 3533 1073 3610 imputatam.

166 3609 209 3668 11.
231 3609 379 3672 Probatur
393 3632 430 3668 ex
446 3611 544 3688 Epist.
557 3610 594 3668 ad
604 3607 693 3670 Rom.
708 3631 770 3688 cap.
782 3613 849 3669 5.-v.
859 3615 888 3668 5.
909 3621 928 3647 “
940 3610 1072 3670 Charitas

33 3693 49 3716 ⁸
123 3695 142 3724 “
158 3685 217 3746 Dei
227 3687 335 3746 diffusa
344 3698 391 3747 est
401 3689 431 3746 in
440 3688 697 3748 eordibusnostris
705 3709 760 3771 per
770 3689 915 3768 Spiritum
924 3689 1070 3758 Sanctum,

331 3967 421 4018 ‚A
