2226 4064
136 130 198 189 222
513 149 710 192 rnncrnrus

140 296 214 352 bone
241 294 406 372 temporalia
427 313 478 371 pro
501 295 558 353 vita
582 295 696 352 alterius
724 311 883 371 exponere3
912 291 977 369 qnia
1006 285 1086 350 bona

140 377 306 452 temporalia
320 377 458 434 inferioris
472 389 538 434 sunt
552 378 666 445 ordinis,
681 373 765 452 quiem
781 376 845 434 vite.

185 457 322 516 Similiter
343 458 454 532 quaudo
475 458 622 534 proximus
643 472 686 514 est
708 477 826 533 persona
849 455 1015 531 reipublicae
1040 455 1085 510 vel

142 539 271 615 religioni
286 538 405 596 multrirn
420 539 584 607 necessaria,
599 539 674 608 licet,
696 539 755 597 itud
780 539 946 614 quandoque
967 549 1086 594 tenetur

143 621 268 698 privatus
283 621 367 678 vitam
382 641 461 678 suam
485 641 589 696 ponere
613 640 665 697 pro
689 622 746 677 vita
769 619 868 676 istius:
887 619 952 694 quia
975 620 1087 676 bonurn

143 702 289 780 publicum
303 701 436 784 praevalet
449 703 567 779 privato.

188 784 244 841 Sed
259 784 377 861 qnaestio
391 796 443 852 est,
458 804 491 840 an
507 785 590 841 liceat
604 781 710 838 homini
725 781 810 839 vitam
836 801 915 842 suam
939 799 1087 859 exponere

145 885 197 942 pro
212 866 400 922 conservanda
415 865 471 923 vita
484 864 605 940 proximi
618 864 671 921 sibi
686 865 826 938 aequalis?

188 947 212 1004 Ι.
228 947 264 1004 R.
281 947 311 1004 si
325 946 393 1002 nihil
409 947 608 1014 consideretur,
623 945 676 1002 uisi
692 945 748 1002 vita
762 965 825 1003 curn
846 945 911 1013 vita,
933 957 1005 1002 tuuc
1030 945 1088 1000 vita

144 1029 259 1104 propria
270 1029 443 1104 praeferenda
454 1043 496 1085 est
506 1049 513 1085 :
524 1029 547 1084 si
558 1040 652 1084 autem
662 1027 744 1082 simul
754 1027 943 1084 consideretur
951 1026 1088 1083 honestas

147 1110 258 1167 virtutis
274 1109 449 1178 Christiane,
464 1122 531 1166 tunc
546 1109 652 1166 licitum
668 1121 728 1166 est:
749 1108 815 1184 quia
827 1108 958 1166 honestas
973 1107 1087 1164 virtutis

149 1191 325 1259 Christianae,
341 1192 472 1267 praevalet
486 1191 551 1247 vitae
566 1189 710 1266 corporali.

191 1272 411 1348 Supponendum
423 1285 516 1330 tamen
531 1285 583 1340 est,
592 1265 679 1328 talem
694 1271 807 1328 familiae
818 1291 885 1338 suae,
898 1271 943 1328 vel
954 1271 1020 1329 aliis
1032 1291 1086 1327 non

149 1374 210 1412 esse
225 1354 343 1410 multum
359 1347 555 1421 necessarium,
570 1366 599 1408 et
613 1352 648 1408 de
662 1364 737 1410 statu
752 1354 848 1429 gratie
869 1373 925 1410 nou
947 1353 1087 1410 diffidere.

192 1435 238 1492 Ex
253 1433 306 1492 hoo
319 1435 410 1511 capite
425 1435 555 1492 laudatur
570 1434 683 1503 Tobiae,
694 1435 742 1510 qui
753 1435 788 1492 ad
797 1434 958 1510 sepelienda
968 1435 1087 1492 ‹lemne-

139 1529 244 1574 ·torum
259 1536 375 1592 corpora
389 1517 486 1573 mortis
507 1515 638 1593 periculis
660 1535 690 1572 se
715 1513 836 1592 objecit:
857 1516 1018 1593 laudantur,
1041 1518 1087 1590 qui

150 1610 230 1674 peste
244 1598 355 1654 infectis
370 1596 689 1666 inserviuun'moraliter
711 1597 791 1666 certi,
813 1617 844 1654 se
865 1617 921 1654 non
945 1617 1087 1664 evasuros,

151 1679 200 1754 qui
215 1699 245 1736 so
259 1679 418 1736 infidelibus
433 1681 545 1736 tradunt
559 1678 588 1734 in
599 1677 788 1752 captivitatem
803 1679 838 1735 ad
849 1678 1009 1736 liberandos
1025 1697 1087 1753 cap·

152 1760 225 1816 tivos
241 1759 421 1840 Christianos,
437 1761 484 1835 qui
499 1780 564 1818 cum
578 1758 703 1836 periculo
717 1759 791 1830 vitae,
810 1779 841 1817 se
855 1759 934 1834 aquis
948 1759 1087 1838 injiciunt,

141 1853 184 1898 -nt
198 1841 263 1899 inde
280 1841 350 1899 alios
365 1841 492 1918 eripiant,
508 1843 559 1899 811.

195 1924 358 1982 Cavendum
374 1936 468 1980 tamon
482 1935 533 1990 est,
549 1943 584 1981 ue
599 1924 661 1999 quis
674 1922 727 1981 sibi
738 1923 791 2000 ipsi
805 1933 922 1980 mortem
937 1919 1035 1998 potiris
1050 1923 1087 1979 in·

152 2005 232 2074 ferat,
248 2003 331 2080 quim
354 2005 381 2062 ei
400 2025 434 2062 ne
458 2019 588 2082 exponat,
614 2006 690 2080 quod
715 2003 856 2064 moraliter
877 2001 1088 2080 dijudicandum

153 2097 205 2143 est.

195 2165 262 2243 Obj.
277 2167 403 2230 Quilibet
418 2167 502 2224 debet
516 2187 545 2224 se
560 2167 651 2244 ipsum
668 2167 731 2245 plus
746 2167 863 2242 diligere
886 2185 969 2242 quern
993 2167 1087 2243 proxi·

140 2267 232 2304 -mum
244 2271 251 2315 3
271 2249 349 2324 atqui
363 2248 472 2306 in'casu
486 2247 550 2324 plus
564 2250 690 2325 diligitur
703 2249 865 2326 proximusz
885 2267 961 2324 ergo,
976 2249 1031 2306 &o

197 2330 234 2386 Il.
247 2349 310 2406 neg.
325 2329 392 2387 min.
417 2329 491 2388 Nam
505 2329 592 2388 vitam
615 2351 693 2387 suam
718 2330 781 2387 telis
801 2331 918 2405 exponit
938 2349 995 2386 nou
1021 2347 1087 2405 pre-

156 2411 213 2468 cise
227 2431 278 2488 pro
292 2411 349 2468 vita
362 2411 490 2487 proximi,
505 2413 555 2468 sed
569 2432 620 2489 pro
634 2411 779 2469 honestate
789 2409 955 2470 Christianae
969 2411 1086 2478 virtutis

140 2504 185 2548 et
199 2493 238 2549 ita
251 2493 315 2569 plus
329 2493 422 2570 diligit
435 2485 557 2570 seipsum
572 2494 726 2552 secundum
740 2494 843 2550 bouum
868 2491 1014 2570 spirituale
1039 2493 1087 2548 vir·

155 2573 234 2630 tutio.
740 2597 741 2601 ¹

228 2817 267 2875 n.
284 2819 350 2877 140.
390 2818 449 2877 nn
470 2817 633 2876 011111
656 2817 884 2877 snnvruno
906 2817 1025 2878 1111
1101 2851 1102 2858 ¹

327 2971 330 2977 Α
400 2899 616 2959 Proximos
639 2900 768 2958 rurnn
790 2898 850 2959 su.

304 3063 334 3120 s.
353 3059 452 3120 Thom.
467 3063 539 3120 11.
559 3073 658 3139 quase.
677 3063 875 3120 111111
892 3081 949 3140 seq.
980 3043 983 3048 ’

159 3226 185 3284 Ι.
212 3221 454 3302 Unusprorimue
466 3226 569 3300 maffia.
597 3225 648 3282 -11.
669 3223 747 3283 Ordo
758 3227 857 3303 qaroad
867 3243 991 3283 antonem
1006 3225 1085 3300 objee

199 3306 313 3366 tivum·
343 3306 401 3363 111.
425 3305 559 3377 Quatnor
572 3307 649 3364 modi
669 3307 886 3384 conjunctionis.
927 3308 978 3365 IV.
1005 3308 1085 3380 Quis·

202 3407 257 3463 que
270 3388 363 3460 moyis
376 3387 539 3462 diliqendus
552 3388 584 3447 in
597 3406 652 3446 sua
672 3389 876 3464 conjonctione.
917 3389 952 3448 V.
978 3389 1085 3448 &imru-

203 3468 268 3524 liter
281 3467 382 3542 juncti
405 3471 437 3525 in
464 3467 569 3548 quibus
591 3467 774 3548 proferendi.
830 3471 882 3554 Vl.
913 3471 991 3530 Ordo
1018 3467 1085 3528 nb

201 3567 433 3623 consanqameos.

204 3699 351 3768 AN'unus
365 3712 508 3788 proximus
522 3713 610 3792 magis
624 3713 782 3790 diligendus
795 3727 847 3784 est,
861 3713 944 3791 quim
958 3713 1049 3773 elius?

204 3790 231 3849 Ι.
246 3791 283 3848 R.
293 3809 362 3849 cum
378 3793 407 3850 S.
423 3793 523 3852 Thom.
538 3807 588 3854 art.
602 3797 631 3852 6.
645 3795 826 3856 affirmative:
847 3797 913 3874 quia
926 3795 1084 3874 principium

165 3870 323 3932 dilectionis
337 3885 380 3933 eet
393 3873 483 3948 Deus,
496 3887 526 3935 et
538 3876 599 3954 ipse
613 3875 749 3956 diligens;
768 3879 846 3954 atqui
869 3879 938 3958 ordo
959 3875 1084 3956 diligendi
