2224 4050
161 189 183 248 5
506 205 702 250 rasurarum

204 349 250 408 Ex
274 349 437 410 delinitione
458 362 547 429 patet,
569 351 711 430 quomodb
731 351 836 412 donum
851 349 971 432 Spiritirs
992 351 1080 414 Sancti

161 433 265 492 virtute
280 432 414 510 distingui
427 433 527 512 possit.

202 515 284 580 Quot
294 527 360 573 suut
373 516 447 574 dona
461 512 582 591 Spiritris
592 513 708 576 Sancti?

186 593 241 676 ιΙΙ.
256 597 293 654 R.
307 595 391 654 Isaiae
403 616 464 674 cap.
483 597 529 654 ll.
543 595 579 654 V.
594 597 625 653 2.
635 607 817 668 numerantur
830 607 937 673 septem
949 617 959 656 2
980 597 1081 656 donum

161 677 314 754 sapientiae,
329 679 434 736 donum
448 676 619 749 intellectis,
631 679 749 750 consilii,
761 677 941 750 fortitudinis,
955 679 1083 750 scientie,

160 758 273 835 pietatis
287 770 316 818 et
328 759 436 818 timoris
451 759 577 818 Domini.

203 839 281 904 Quid
295 839 461 918 intelligitur
474 861 525 918 per
538 839 724 899 beatitudines
739 839 944 918 Evangelrcas'?

202 921 258 979 111.
273 921 310 980 R.
323 922 395 981 Sunt
409 942 493 1001 opera
505 923 632 998 quaedam
643 921 746 982 eximia
756 922 934 984 virtutumac
944 923 1086 996 donorum,

161 1003 296 1080 peculiari
309 1003 415 1062 ratione
429 1005 466 1063 ad
479 1005 681 1062 beatitudiuem
703 1003 910 1082 adipiscendam
932 1005 1085 1064 conducen-

160 1084 209 1145 tia.
938 1105 941 1116 ·

202 1167 298 1232 Quare
311 1165 362 1227 illa
375 1185 460 1244 opera
473 1178 607 1224 vocantur
620 1159 832 1226 beatituffl'nes?

202 1244 239 1306 R.
260 1247 405 1306 Vocantur
418 1249 604 1307 beatitudines
618 1267 669 1325 per
682 1247 881 1324 metonymiam
892 1270 900 1316 ;
921 1247 985 1324 quia
998 1249 1086 1307 conti·

160 1341 229 1386 nent
253 1349 365 1388 causam
388 1341 418 1388 et
439 1330 571 1389 meritum
594 1329 783 1401 beatitudinis,
804 1327 900 1406 sicque
919 1349 971 1388 uus
992 1331 1089 1389 beatos

161 1411 289 1470 faciunt*
281 1430 310 1468 m
325 1431 384 1488 spe.

201 1491 280 1556 Quot
294 1505 360 1550 sunt
373 1491 583 1552 beatitudines?

201 1573 254 1631 IV.
275 1574 314 1632 R.
335 1574 407 1633 Sunt
421 1586 494 1643 octo,
509 1593 577 1650 quas
600 1571 686 1631 tradit
700 1571 828 1634 Christus
842 1568 948 1632 Mattlr.
963 1575 1030 1632 c.5.
1052 1572 1091 1632 V.

162 1655 191 1712 3.
202 1667 231 1714 et
245 1675 303 1732 seq.
344 1655 453 1714 ‘Beati
467 1675 603 1758 pauperes
617 1655 725 1734 spiritu,
748 1654 879 1731 quoniam
900 1653 1024 1732 ipsorum
1046 1668 1092 1713 est

161 1733 325 1813 “Regnum
341 1735 494 1804 Coelorum,
509 1736 578 1795 &cff'
618 1735 707 1794 Lucae
729 1753 790 1831 cap.
812 1737 840 1794 6.
860 1736 969 1794 tantum
990 1757 1091 1794 nume·

159 1830 256 1875 rantur
278 1833 411 1894 quatuor;
430 1819 514 1878 sed
506 1839 536 1876 1n
549 1817 605 1876 illis
619 1831 738 1896 quatuor
759 1818 822 1878 iata
835 1829 902 1876 octo
923 1829 998 1890 sunt,
1019 1819 1092 1876 dicit

161 1899 192 1958 S.
208 1899 398 1972 Ambrosius.
427 1959 429 1964 ,

201 1977 279 2046 Quid
293 1993 357 2040 sunt
371 1983 479 2040 fructus
495 1977 616 2058 Spiritds
631 1976 751 2040 Sancti?

199 2059 237 2120 V.
261 2059 299 2122 R.
322 2063 394 2124 Sunt
417 2083 502 2140 opera
526 2063 599 2120 bona
625 2081 675 2138 per
701 2061 819 2138 gratiam
850 2061 933 2134 lacta,
960 2059 1096 2122 babentia

158 2143 328 2221 peculiarem
343 2141 537 2204 delectationis
551 2141 702 2220 spiritualis
715 2143 859 2200 rationem.

199 2224 344 2284 Differunt
357 2224 374 2284 ὲ
387 2226 539 2286 virtutibus
547 2235 576 2282 et
589 2224 689 2294 donis;
709 2225 774 2301 quia
787 2221 849 2284 baec
871 2235 938 2283 suut
959 2221 1099 2284 babitus:

159 2305 266 2364 fructus
281 2320 375 2376 autem
391 2305 441 2386 Sp
432 2306 512 2365 tritis
528 2302 625 2364 Sancti
639 2317 704 2364 suut
717 2317 806 2364 actus.

200 2389 278 2452 Quot
291 2401 357 2446 sunt
370 2390 477 2447 fructus
493 2386 613 2466 Spiritds
629 2386 750 2446 Sancti?

137 2457 140 2465 ¹
176 2469 251 2528 VI.
266 2470 304 2528 R.
318 2471 367 2528 ab
382 2471 483 2548 Apost.
498 2471 534 2527 ad
549 2469 664 2528 Galatas
678 2489 739 2546 cap.
732 2470 782 2526 ..5
795 2465 832 2527 V.
846 2469 897 2526 22.
909 2480 1099 2526 numerantur

158 2549 317 2619 duodecim,
338 2551 446 2610 scilicet
466 2547 593 2620 charitas,
617 2543 759 2626 gaudium,
781 2567 845 2626 pax,
872 2550 1019 2628 patientia,
1045 2549 1101 2608 be-

158 2631 288 2708 nignitas,
315 2631 432 2702 bonitas,
461 2633 665 2708 longanimitas,
692 2631 887 2702 mansuetudo,
914 2631 997 2702 fides,
1032 2650 1099 2688 mo-

152 2713 257 2782 destia,
272 2713 442 2772 continentia
456 2729 484 2772 et
499 2715 620 2772 castitas.
653 2753 655 2757 -

200 2793 284 2860 Nota,
299 2795 375 2870 quid
388 2795 500 2853 nomina
512 2795 649 2868 Jirtutum
663 2793 709 2854 bic
723 2813 861 2872 expressa,
883 2794 1023 2854 sumenda
1038 2793 1101 2850 sint

157 2895 209 2953 pro
223 2875 331 2934 actibus
352 2877 521 2934 earumdem.

130 3067 140 3080 =
158 3035 197 3096 N.
210 3040 240 3096 5.
281 3035 339 3098 DE
356 3035 562 3099 SUBJECTO
585 3035 639 3096 ET
653 3024 838 3098 OBJECTO
853 3033 1104 3097 VIRTUTUM.

156 3201 181 3262 1.
212 3201 370 3297 8555555555
408 3202 536 3261 Virtutis.
590 3200 630 3258 ΙΙ.
660 3197 833 3258 Proximum
861 3209 929 3258 cunt
950 3199 1104 3276 potantia

197 3285 313 3344 55555.
346 3281 403 3342 111.
417 3283 509 3341 Actus
532 3281 653 3340 Virtutis
667 3302 681 3340 e
682 3281 778 3338 licitus
790 3291 817 3338 et
830 3281 999 3358 imperatae.
1044 3279 1104 3336 IV.

198 3361 342 3441 Objectum
362 3363 481 3423 Virtutis
494 3363 620 3440 dupla.
644 3361 799 3436 materiale.
840 3363 877 3422 V.
898 3359 943 3420 Et
949 3359 1104 3440 formale.

196 3445 250 3504 Vl.
271 3447 428 3506 Distinetio
442 3447 590 3504 virtutum.

196 3606 414 3672 QUODNAM
429 3620 472 3666 est
486 3605 546 3685 subj
549 3618 641 3665 ectum
657 3605 742 3666 virtut
732 3605 789 3666 tis?

196 3689 221 3747 l.
242 3687 281 3748 R.
303 3685 465 3768 Subactum
488 3689 645 3784 proximum
661 3701 705 3745 est
719 3683 767 3744 1lla
787 3685 914 3783 poteptia
935 3685 1057 3753 animae,
1086 3685 1104 3744 ὲ

155 3789 211 3845 qua
223 3783 303 3828 actus
317 3783 401 3828 certae
415 3771 512 3828 virtuti
526 3771 630 3849 proprii
651 3769 819 3828 eliciuntur·
841 3770 881 3838 sic
899 3789 924 3827 5.
938 3789 966 3846 g.
982 3765 1104 3846 subjec·

154 3863 215 3910 tum
230 3852 296 3910 fidei
310 3863 353 3909 est
366 3851 535 3911 intellectus.

196 3933 332 4001 Quaenam
347 3933 480 4010 potentia
494 3931 539 3993 hic
552 3931 768 4008 intelliguntur?
