2248 4070
390 61 432 104 na
454 61 603 104 aramus.
907 47 970 104 813

49 223 66 250 “
76 213 189 270 bumana
200 205 410 285 proveniente,”
424 207 509 267 sicuti
530 207 720 266 eximerentur
740 207 776 265 ab
801 207 877 264 omni
894 209 970 267 ¹(ibli-

49 299 124 360 tione,
138 293 161 348 si
171 291 330 368 Legislator
338 291 431 365 legem
440 290 557 348 omuino
568 290 752 348 necessariam
761 309 816 346 nou
827 291 970 350 conderet.

84 376 197 433 Dictum
221 385 283 429 est:
305 374 362 428 “A
386 373 449 448 lege
471 371 595 428 bumana
615 369 831 448 proveniente:”
852 372 918 448 quia
944 373 970 430 si

48 455 183 533 singularis
198 455 272 512 actio
286 453 400 510 omuino
414 454 570 524 necessaria
584 464 658 512 esset
671 473 723 530 pro
732 453 808 510 bono
818 454 971 523 commun,

49 539 114 615 quod
126 555 218 594 rarum
234 548 288 605 εει,
301 548 369 594 tunc
382 535 430 592 lex
443 548 550 593 natare
573 554 685 611 gravem
711 534 909 611 obligationem
929 536 973 593 in·

49 624 165 679 duceret,
259 657 270 679 t
564 621 568 626 ’

83 698 145 776 obj.
159 699 212 756 IV.
226 698 384 775 Legisla'tor
397 717 453 756 aon
467 699 562 774 potest
574 698 603 756 in
627 698 743 756 materia
764 698 821 756 levi
846 699 972 775 obligare

49 785 93 842 sub
105 781 180 858 gravi
192 801 200 838 ε
214 797 281 856 ergo
292 799 345 837 nec
356 780 383 836 in
396 782 510 838 materia
521 780 597 856 grau
606 791 699 856 potest
710 779 833 856 obligare
844 781 895 838 sub
907 782 972 840 lesi.

83 865 117 921 R.
137 862 295 938 Disparitas
309 874 361 930 εει,
376 863 452 936 ‘qubd
466 863 582 919 materia
595 861 665 918 levis
686 860 742 937 quir
763 861 828 918 talis
849 881 906 930 uon
928 874 972 921 est

49 964 125 1022 capax
152 943 332 1019 obligationis
357 945 456 1019 gravis,
480 955 509 1002 et
530 944 595 1001 ideo
609 943 673 1000 talis
695 945 742 1001 lex
764 943 836 1002 foret
858 943 972 1020 injusta,

48 1046 106 1088 cira
119 1025 278 1101 Legisla'tor
290 1026 459 1102 potestatem
474 1045 552 1082 suam
565 1026 730 1083 excederet:
745 1025 841 1082 verbm
856 1026 974 1084 materia

49 1108 128 1186 gravis
139 1107 211 1183 legis
225 1105 354 1164 humanae
368 1119 412 1164 est
421 1127 509 1183 capax
523 1107 700 1183 obligationis
710 1107 803 1184 gravis
811 1119 840 1164 et
851 1107 973 1166 nullius:

49 1211 107 1266 ergo
121 1189 207 1247 etiam
221 1188 399 1264 obligationis
413 1189 492 1248 levis.
595 1235 612 1266 ,

83 1269 147 1347 Obj.
162 1270 291 1344 Y..Talis
306 1271 361 1340 lex,
386 1271 409 1328 ai
433 1271 560 1340 serretur,
583 1289 640 1328 non
662 1280 737 1328 esset
759 1269 890 1346 equidem
912 1283 974 1330 tum

50 1353 138 1430 agendi
153 1353 271 1429 regula;
292 1352 358 1428 quia
370 1353 510 1411 sententia
524 1365 567 1411 est
580 1352 688 1410 tannim
703 1351 873 1429 probabilis:
895 1373 973 1430 ergo,

50 1437 93 1493 &c
432 1475 434 1480 ·
544 1474 545 1485 ι

85 1515 249 1593 Respondet
264 1515 403 1590 steyaert,
415 1535 504 1572 unum
519 1514 617 1574 horum
643 1516 703 1574 fore
724 1516 848 1594 practice
870 1519 974 1588 tutum,

51 1599 70 1656 si
84 1599 142 1655 talis
156 1599 205 1655 lex
220 1599 346 1666 ferretur,
361 1617 462 1674 nempe
477 1617 538 1656 eam
555 1598 597 1656 vel
612 1597 746 1673 obligare,
766 1599 819 1654 sub
841 1597 905 1665 levi,
928 1599 974 1656 rel

51 1681 119 1738 nullo
133 1681 221 1736 ruoilo
235 1679 367 1754 obligare,
382 1697 433 1736 seu
454 1699 511 1736 non
535 1699 596 1738 esse
619 1697 713 1736 veram
737 1679 849 1755 legem:
870 1681 975 1738 etenim

49 1762 85 1820 rel
97 1761 162 1819 talis
178 1762 224 1821 lex
237 1775 283 1818 est
297 1761 445 1836 possibilis,
460 1773 490 1819 et
503 1762 610 1818 tantbrn
626 1761 761 1836 obligabit
773 1761 815 1818 sic
829 1762 881 1818 sub
901 1761 974 1819 levi:

49 1844 85 1901 vel
99 1856 141 1900 εει
153 1843 346 1920 ‘impossibilia
361 1855 390 1900 et
404 1857 472 1900 tunc
486 1842 608 1900 invalida
621 1842 675 1900 erit
688 1842 737 1900 illa
751 1842 797 1900 lex
808 1865 816 1910 ;
829 1842 895 1918 quia
909 1843 976 1902 cirin

38 1925 200 2000 ¹Legisslator
214 1926 243 1982 in
258 1924 373 1982 materia
383 1925 460 2000 gravi
475 1924 593 1982 uoluerit
602 1924 725 2000 obligare
736 1925 788 1981 sub
802 1924 866 1993 levi,
877 1936 907 1982 ει
920 1923 976 1984 hou

49 2009 79 2066 sit
91 2005 272 2083 impossibile,
287 2006 326 2062 nil
341 2006 455 2063 omnino
474 2006 588 2063 efficiet.
942 2047 945 2054 ·

47 2117 49 2126 ¹
81 2089 113 2146 V.
136 2088 301 2146 Notandum
315 2088 447 2164 practice,
463 2088 539 2164 leges
553 2086 688 2145 humanas
704 2087 735 2144 in
756 2086 874 2144 materia
895 2089 974 2164 gravi

47 2189 148 2246 semper
163 2169 305 2228 habendas
319 2187 381 2228 esse
394 2183 426 2226 ut
440 2169 597 2245 obligantes
611 2170 663 2227 sub
678 2168 764 2247 gravi,
786 2168 841 2225 nisi
861 2182 973 2229 constat

47 2251 208 2310 contrarium
224 2252 259 2308 de
273 2263 367 2308 urente
382 2250 575 2326 Legislatoris.

82 2335 127 2392 Aa
141 2333 256 2390 admitti
269 2346 364 2408 potest
377 2333 524 2409 promissio
538 2333 579 2390 rei
593 2331 695 2408 gravis,
717 2352 743 2389 v.
757 2351 785 2407 g.
811 2333 868 2388 too
891 2333 974 2391 flom-

48 2434 145 2482 uomm,
161 2414 290 2490 obligans
305 2414 396 2470 solirm
410 2416 463 2472 sub
485 2414 549 2484 leri,
573 2415 598 2472 si
622 2414 789 2490 promittens
812 2433 842 2472 se
861 2415 972 2474 tantbm

47 2497 91 2552 sub
103 2497 159 2554 levi
174 2497 299 2572 obligare
310 2495 402 2554 velit?

81 2577 129 2636 Vl.
152 2579 188 2634 R.
203 2577 293 2637 Juxta
306 2577 401 2654 plures
415 2577 587 2645 affirmative,
604 2577 688 2635 modb
711 2577 877 2654 promittens
901 2579 973 2636 illud

47 2660 169 2736 expmsse
184 2660 317 2728 declaret,
342 2671 371 2716 et
394 2659 475 2718 aliter
497 2660 660 2735 promittere
684 2659 773 2716 nolit:
794 2659 854 2716 sola
877 2672 973 2718 minen

47 2741 175 2800 restrictio
189 2741 299 2800 iuterna
312 2759 368 2798 nou
382 2741 542 2808 sufficeret;
563 2741 630 2816 quia
642 2753 803 2798 contractus
828 2741 901 2798 inter
923 2741 973 2799 bo-

47 2823 125 2880 miues
140 2822 217 2880 circa
230 2822 395 2900 temporalia
409 2823 502 2880 valent
516 2823 670 2880 secundiani
685 2835 810 2880 externa.

81 2905 147 2962 Vll.
163 2901 243 2962 Idem
258 2904 315 2962 dici
329 2905 471 2980 potestde
496 2916 562 2968 voto
587 2903 626 2962 rei
649 2903 749 2979 gravis,
774 2904 842 2960 ilum
868 2923 973 2961 vovens

47 2985 128 3044 noluit
140 2985 224 3044 aliter
237 3005 267 3044 se
282 2987 414 3062 obligare,
430 2983 512 3061 quim
528 2986 580 3042 sub
595 2985 650 3042 levi
673 2998 798 3062 peccato,
823 2996 853 3041 et
875 2998 972 3044 votum

47 3087 92 3124 uon
106 3068 144 3127 sit
159 3069 302 3135 solemne3
316 3087 379 3124 nam
395 3081 461 3124 voto
475 3066 594 3124 solemni
606 3066 736 3124 Ecclesia
749 3063 852 3141 adjecit
866 3067 972 3142 obliga·

48 3148 142 3208 tionem
158 3169 280 3226 gravem,
296 3169 387 3224 neque
402 3149 483 3206 aliter
496 3148 552 3206 tale
569 3160 664 3204 votum
679 3161 817 3223 acceptat.
848 3147 972 3210 Quodsi

47 3231 98 3305 qais
113 3233 242 3290 vovendo
257 3229 419 3288 solemniter
433 3231 568 3288 voluisset
589 3249 619 3286 se
639 3231 746 3287 tantum
761 3229 896 3306 ‘obligare
918 3232 971 3286 sub

47 3311 102 3381 levi,
116 3333 182 3372 curn
197 3313 247 3371 tali
261 3326 398 3388 ageretur,
413 3312 494 3380 siaiu,
510 3330 575 3368 cum
590 3331 633 3380 eo,
648 3311 697 3386 qui
710 3311 789 3368 nullo
815 3313 899 3368 modo
926 3331 973 3369 vo·

47 3393 135 3452 luisset
150 3414 261 3461 vovere,
277 3394 344 3470 quia
358 3405 454 3450 votum
468 3393 593 3452 solemne
606 3412 663 3450 nou
680 3393 827 3450 emisisset.

80 3477 162 3534 v111.
177 3473 321 3540 Quantum
337 3477 372 3534 ad
388 3473 580 3552 juramentum
604 3493 661 3532 non
686 3475 796 3532 videtur
819 3474 970 3533 admittet·

46 3556 103 3615 dum
118 3558 245 3634 obligans
260 3559 311 3614 rub
325 3557 381 3614 leri
395 3554 514 3626 tautum,
537 3556 673 3632 quidquid
697 3555 764 3614 velit
781 3555 887 3632 jurans,
909 3569 972 3615 tura

46 3639 102 3712 quie
115 3639 250 3716 obligatio
260 3637 412 3715 juramenti
426 3656 482 3698 noa
495 3637 587 3697 oritur-
607 3656 645 3694 ex
666 3636 822 3694 intentione
842 3638 971 3712 jurantis,

44 3721 136 3779 sodex
150 3722 211 3798 ipso
220 3719 392 3798 juramento,
408 3732 468 3777 turn
483 3719 549 3796 quia
562 3718 677 3776 minima
688 3718 794 3778 salsitas
809 3719 893 3777 infert
905 3719 969 3778 Deo

45 3821 149 3878 gravem
163 3802 379 3873 irreverentiam,
396 3801 447 3879 qai
460 3801 489 3860 in
504 3813 608 3860 testem
623 3813 747 3876 rotatur.

83 3883 329 3962 Τηόειερὲῠιιε.
574 3899 623 3941 εε
