2216 4056
758 17 775 43 δ

155 147 196 206 90
531 164 722 210 renouatus

200 307 241 378 11.
262 306 396 366 Dicitur:
418 313 435 342 “
446 308 569 384 locutio'
588 311 647 369 sive
661 324 776 370 externa
789 319 818 368 et
831 308 898 377 oria,
910 308 968 368 sive
982 307 1102 366 intmmal

158 400 189 447 et
203 389 305 447 cordis.
346 395 364 423 “
376 389 410 447 In
425 389 547 460 Deum,'’
569 393 613 450 rel
635 399 652 426 “
663 393 692 450 iu
707 391 764 462 ee,”
786 391 831 450 vel
853 397 870 425 “
881 392 909 448 iu
924 387 1102 458 creaturu'f

159 471 297 546 quatenns
311 471 369 529 Dei
382 486 457 542 sunt,
481 493 515 531 ac
528 473 557 530 in
582 475 624 532 eie
647 474 741 532 elucet
762 473 856 530 divina
878 471 1018 540 sanctitas,
1037 489 1102 546 poe

158 552 257 621 tentia,
273 553 324 611 duc.
1101 593 1102 630 3

177 634 475 702 .“Conturneliosa;”
510 637 576 711 qnia
602 635 634 694 lit
668 649 765 696 contra
798 635 904 704 Deum,
938 634 966 692 in
988 652 1097 708 ouem,

161 718 261 855 utpotld
274 716 379 791 ubique
391 730 568 793 praesentem,
590 717 680 776 omnis
694 717 853 778 maledictio
876 730 920 776 est
941 735 1006 774 vora
1026 733 1099 772 con·

159 808 239 855 tume
252 797 288 855 ia.

204 878 339 946 Observa,
362 879 396 936 ad
412 878 610 956 blasphemiam
636 901 693 938 nou
714 880 826 957 requiri,
846 891 879 936 ut
902 879 1037 956 procedat
1058 897 1102 972 exp

160 959 228 1018 odio
242 971 291 1018 aut
312 960 503 1036 indignatione
527 975 623 1020 contra
638 963 744 1032 Deum,
769 961 814 1022 vel
836 974 868 1020 ut
891 979 1025 1038 expressa
1045 973 1102 1038 autp

160 1041 287 1112 formalis
301 1041 337 1098 sit
350 1041 469 1100 intentio
483 1043 577 1100 Deum
593 1044 781 1111 convitiandi;
803 1045 852 1102 sed
866 1043 1005 1111 sufficere,
1019 1041 1102 1128 qubdp

143 1124 248 1216 *uerba
269 1123 313 1181 vel
334 1124 435 1182 modus
459 1125 658 1200 pronuntiandi
680 1121 836 1192 secundnm
859 1145 890 1184 sc
914 1125 1037 1184 serviant
1060 1125 1102 1198 adl

162 1205 321 1263 convicium
336 1205 381 1263 vel
395 1204 633 1264 inhonorationem
649 1207 717 1265 Dei.
963 1243 973 1274 ,-
1101 1231 1102 1278 l

206 1286 358 1354 Quomodo
372 1287 506 1344 dividitur
519 1287 715 1364 blasphemia?
1101 1339 1102 1356 ,

203 1367 261 1426 ΙΙΙ.
276 1368 313 1425 R.
329 1369 375 1426 10.
385 1369 530 1426 Dividitur
540 1369 569 1426 in
580 1369 778 1446 blasphemiam
794 1375 812 1402 “
823 1368 931 1428 cordis”
942 1381 971 1426 at
987 1373 1005 1400 “
1015 1365 1102 1438 orisl'l

162 1448 346 1526 Blasphemia
354 1449 445 1507 cordis
454 1461 497 1508 ast
507 1451 617 1510 interna
626 1453 685 1510 sive
697 1450 840 1510 mentalis:
855 1451 911 1512 oris
921 1461 1102 1514 astextema,

164 1550 229 1608 quae
243 1551 293 1608 per
307 1532 392 1588 verba
405 1532 450 1588 vel
464 1532 519 1590 alia
532 1532 611 1608 signa
624 1533 748 1592 exterius
761 1533 863 1609 prodit.
1101 1585 1102 1604 ,

206 1612 258 1668 IV.
275 1614 322 1669 20.
336 1612 481 1670 Dividitur
495 1613 531 1680 in¹
546 1619 562 1646 “
574 1613 779 1672 immediatam'’
794 1626 824 1671 et
844 1619 862 1646 “
874 1609 1050 1670 mediatam.”
1101 1647 1102 1684 p

175 1748 179 1755 ,
207 1693 375 1752 Immediata
399 1694 510 1766 dicitur,
532 1714 595 1770 quae
616 1697 740 1754 continet
764 1694 920 1752 convicium
943 1693 1050 1750 directe
1070 1703 1102 1762 et

157 1773 295 1852 ¹proxime
311 1786 408 1832 contm
421 1775 535 1834 Deum:
556 1777 678 1836 mediata
699 1789 751 1846 est,
776 1796 838 1852 quae
862 1775 988 1852 proxime
1010 1772 1102 1852 tendit

164 1857 198 1914 in
209 1855 336 1925 Sanctus,
349 1856 394 1914 vel
402 1857 470 1914 alias
479 1877 532 1927 res,
543 1860 679 1932 quatenns
689 1857 792 1918 babent
801 1857 926 1932 ordinem
937 1855 973 1914 ad
984 1856 1081 1914 Deum
1091 1867 1102 1920 a

165 1949 236 1998 tunc
244 1937 331 1995 etiam
342 1937 396 1996 ista
406 1939 575 1996 contumelia
589 1940 617 1996 in
630 1940 725 1998 Deum
733 1941 870 1998 redundat
882 1961 889 1997 ε
900 1938 996 2013 sicque
1008 1938 1102 2010 omnis

133 2026 139 2031 ’
165 2017 343 2096 blasphemia
356 2032 399 2078 est
413 2032 510 2078 contra
524 2021 619 2078 Deum
634 2021 795 2080 immediati
808 2033 838 2079 at
851 2020 981 2078 mediate.

208 2101 244 2158 V.
268 2102 318 2158 3⁰.
341 2101 487 2160 Dividitur
510 2099 540 2158 in
568 2103 806 2172 “ertuutiativam,
834 2097 1102 2166 dehonestativams't

167 2192 199 2240 et
220 2187 238 2215 “
248 2182 482 2258 imprecativam.’'
524 2183 718 2242 committitur
731 2181 904 2260 blasphemia
917 2181 1097 2248 enuntiativa,

166 2263 215 2320 vel
229 2263 392 2320 affirmando
406 2263 511 2339 aliquid
526 2265 562 2322 de
576 2265 650 2334 Deo,
665 2267 741 2340 quod
765 2265 793 2322 ei
807 2275 942 2342 repugnat
954 2287 962 2332 ς
983 2264 1029 2322 vel
1050 2283 1102 2328 ne,

166 2344 270 2420 gando,
286 2345 361 2418 quod
376 2345 402 2402 ei
416 2346 570 2422 competit;
583 2347 627 2404 vel
650 2347 814 2406 ascribendo
827 2345 931 2422 aliquid
955 2345 1096 2414 creaturis,

165 2425 244 2502 qnod
258 2425 311 2483 soli
326 2425 391 2483 Deo
404 2427 546 2502 proprium
562 2439 614 2486 eat.

180 2512 181 2516 ’
210 2505 262 2564 VI.
283 2505 505 2566 Dehonestativa
518 2509 558 2576 fit,
572 2508 735 2568 affirmando
749 2510 862 2584 quidem
886 2509 1002 2584 aliquid,
1022 2506 1095 2585 quod

167 2587 236 2648 Deo
250 2590 316 2645 vere
338 2589 491 2665 competit;
516 2590 560 2646 vel
574 2592 711 2666 negando,
734 2593 810 2666 quod
824 2591 852 2648 ei
875 2609 931 2648 non
948 2588 1097 2664 competit;

167 2669 221 2726 sed
229 2670 314 2726 modo
325 2670 538 2739 contumelioso,
545 2671 603 2728 sive
612 2693 662 2748 per
670 2685 860 2749 contemptum
872 2684 921 2730 aut
931 2661 1096 2728 irrisionem:

167 2771 197 2808 v.
209 2770 236 2826 g.
250 2750 274 2806 si
288 2751 350 2826 quis
365 2749 477 2810 Christo
491 2751 670 2829 improperet,
685 2755 760 2828 quod
784 2753 821 2822 sit
834 2771 941 2830 passus,
962 2765 1102 2826 mortuus,

167 2833 223 2891 &c
245 2831 290 2890 vel
315 2832 448 2909 probrose
473 2834 599 2892 nominet
625 2835 796 2910 Sanguinem
821 2833 936 2906 Christi,
969 2833 1102 2890 Membra

169 2914 240 2992 ejus,
258 2913 445 2986 Sacramenta,
460 2915 512 2972 &a

143 2992 147 2998 ’
211 2995 281 3053 VII.
302 2995 487 3073 Imprecativa
500 3007 551 3065 ast,
567 2995 634 3054 dum
655 2997 716 3072 quie
731 2999 796 3056 Deo
811 2998 855 3056 vel
879 2997 987 3056 Sanctis
1012 3007 1095 3072 optat,

170 3077 217 3136 vel
231 3077 400 3156 imprecatur
415 3078 537 3135 malum:
558 3078 621 3136 talis
636 3091 678 3135 est
693 3080 855 3148 execrabilis
869 3079 917 3138 illa
931 3075 1095 3154 blasphemia

167 3159 274 3238 gallica
308 3159 417 3218 “Mort
444 3159 548 3230 Dieu,”
576 3159 632 3236 qui
665 3161 730 3224 vite
759 3161 955 3220 interminabili
981 3171 1094 3218 mortem

171 3260 226 3298 exo
247 3251 316 3300 tant.

168 3374 173 3382 .
208 3369 209 3376 .
241 3323 296 3380 111.
320 3323 369 3380 40.
390 3321 571 3399 Blasphemia
592 3323 725 3382 diuiditur
752 3325 781 3382 in
812 3321 1042 3394 “hereticam''
1069 3333 1093 3378 ct

173 3408 192 3437 “
205 3423 262 3460 non
275 3402 463 3464 haereticalem
475 3405 500 3462 :''
520 3403 687 3463 haereticalis
700 3418 752 3475 est,
775 3423 839 3481 quae
863 3403 990 3462 haeresim
1013 3404 1094 3462 couti-

171 3495 230 3552 net,
244 3495 277 3541 ut
290 3483 369 3542 haec:
392 3491 409 3519 “
418 3486 454 3545 Je
468 3486 544 3544 renie
559 3485 661 3544 Dieu.”

215 3565 343 3622 Tandem
363 3566 417 3624 alia
431 3581 474 3624 est
487 3566 659 3643 blasphemia
679 3573 696 3602 ‘⁴
708 3567 737 3626 in
752 3567 890 3638 Ratrem,”
909 3566 964 3628 alia
984 3572 1002 3602 ‘⁸
1012 3567 1039 3626 in
1055 3567 1093 3626 Fi-

165 3651 194 3708 .“
208 3645 304 3718 linm,’'
327 3645 382 3704 alia
402 3647 459 3704 “iu
484 3648 619 3725 Spiritum
643 3648 777 3708 Sanctum
789 3649 813 3720 ;'’
837 3644 1002 3728 inquantdm
1015 3669 1093 3726 oppo-

173 3739 279 3786 nuntur
292 3727 516 3804 appropriationi,
539 3731 594 3806 qui
607 3731 733 3808 potentia
758 3732 844 3801 Patri,
864 3730 999 3810 sapientia
1019 3730 1092 3796 Filio,

175 3820 205 3878 et
214 3807 323 3868 bonitas
336 3807 452 3884 Spiritui
461 3809 564 3868 Sancto
572 3812 732 3888 specialiter
741 3815 943 3874 attribuuntur:
952 3811 1093 3874 sicMattb.

176 3909 236 3969 cap.
255 3891 300 3950 12.
313 3887 678 3980 blasphemiain'Spiritum
701 3894 837 3958 Sanctum
860 3892 1014 3974 specialiter
1031 3893 1092 3954 dici·
