2216 4056
156 161 216 219 166
376 178 422 220 an
444 167 647 224 cunctantur
669 172 711 220 aa
732 177 818 231 rrnn,

194 323 243 381 Aa
257 321 311 382 hoc
328 311 467 400 judicium
492 323 522 380 in
543 324 627 381 rebus
650 313 718 405 idei
741 313 829 382 etiam
850 339 907 380 non
928 311 1097 400 epectatad

153 398 296 470 Doctores
311 404 480 483 Theolegos‚
495 405 600 464 aliosve
615 405 855 464 Ecclesiasticus?

176 495 179 502 ⁴
195 481 233 545 R.
256 486 413 564 Negative;
430 488 506 545 nrrde
520 485 549 544 in
564 487 652 546 Cone.
669 486 845 564 generalibus
865 495 963 543 votum
988 485 1097 544 decici-

152 587 220 625 vnm
234 588 290 626 uon
305 567 415 638 habent,
424 569 474 626 sed
483 569 510 624 in
526 569 560 625 iis
570 569 716 627 dumtaxat
726 568 913 626 admimntm·
922 568 957 624 ad
968 585 1095 626 examen

152 649 332 709 materiarum
347 661 376 708 et
399 650 653 709 consultationemt
675 649 766 710 multo
789 649 875 726 ip'tar
898 648 991 706 minda
1009 649 1095 707 Laici

153 731 183 789 in
196 733 279 790 rebus
290 733 357 790 fidei
366 730 478 809 judices
492 743 567 790 suut.

195 811 241 871 Ex
255 811 298 872 his
313 815 436 882 observa,
450 813 576 890 regimen
587 812 725 872 Ecclesiae
736 811 848 888 quidem
860 829 921 870 esee
933 810 1095 869 monarchi·

154 913 218 953 cum
239 896 347 954 ratione
362 895 470 972 Capitis
486 895 595 953 Summi
622 893 775 963 Pontificis‚
799 894 849 951 sed
870 891 954 950 mmai
978 894 1095 952 Aristo-

154 976 241 1035 crutii
263 989 467 1053 temperatum:
488 989 518 1034 et
541 977 607 1053 quia
630 975 715 1034 simul
736 975 927 1033 ministrorum
950 973 1095 1035 Ecclesiae

154 1057 228 1116 inter
241 1078 271 1116 ae
286 1071 329 1116 est
343 1058 542 1128 subordinatis,
564 1057 630 1118 hinc
643 1057 728 1116 etiam
739 1069 782 1116 est
795 1055 1011 1114 hierarchicum.

196 1137 242 1198 Ex
257 1140 339 1198 dictis
362 1151 450 1218 patet,
476 1159 578 1197 venum
601 1159 662 1198 esse
677 1139 928 1205 Quaenellistarum
953 1137 1096 1216 effugium

154 1220 310 1280 dicentium
325 1221 438 1280 Bullam
459 1227 478 1256 ‘⁴
491 1219 677 1298 Unigenitus''
698 1241 754 1280 uon
776 1241 838 1280 esee
858 1228 1038 1298 acceptatam
1056 1221 1093 1278 ab

154 1302 304 1381 Episcopis
318 1323 375 1360 uno
389 1303 418 1362 in
431 1303 495 1361 loco
509 1303 695 1380 congregatis.
816 1371 821 1380 1

195 1383 269 1443 Item
283 1403 382 1444 vanam
396 1405 458 1443 asae
472 1385 633 1443 eorumdem
648 1381 864 1462 appellationem
877 1383 916 1440 ed
929 1381 1093 1442 Concilium

154 1467 295 1544 generde,
311 1468 375 1524 cnm
391 1465 519 1524 Ecclesia
532 1467 657 1543 dispersa
675 1482 756 1541 mque
778 1464 933 1523 inlellibills
954 1465 995 1522 ait
1017 1483 1051 1522 ae
1064 1465 1094 1520 in

155 1547 285 1608 Concilio
299 1547 423 1626 generali
437 1560 613 1625 congregata,
634 1547 766 1624 idemque
785 1547 822 1604 nit
836 1546 995 1604 Tribunalt
1017 1546 1095 1603 unde

154 1647 191 1688 ne
205 1630 322 1705 quidem·
334 1629 485 1707 appellatio
498 1629 547 1688 illa
561 1626 686 1706 legitima
708 1641 753 1688 eet
772 1628 929 1691 monedulae
953 1627 1094 1705 principia

155 1710 313 1780 Gallorum,
329 1711 526 1769 sustinentium
541 1711 709 1770 Pontificem
723 1731 785 1769 esse
798 1709 954 1778 fallibilem,
969 1722 1003 1768 et
1018 1711 1093 1770 Con-

155 1791 222 1851 cilio
236 1793 358 1869 generali
372 1792 532 1851 inferiorem
544 1813 552 1850 t
566 1793 632 1868 quia
646 1791 664 1850 l
671 1791 781 1870 judicio
794 1791 934 1850 infallibili
946 1789 1037 1867 ¹quale
1052 1803 1097 1849 est

155 1874 294 1933 Ecclesia
307 1875 449 1952 dispersa,
462 1893 520 1932 non
534 1876 617 1932 datur
630 1874 790 1952 appellatio.
1096 1915 1097 1920 η

197 1957 246 2016 An
259 1957 294 2014 ad
308 1957 503 2015 inconcussam
517 1969 546 2016 et
560 1955 732 2014 infallibilem
753 1955 922 2014 delinitionis
935 1951 1097 2012 authorum

154 2051 213 2098 tem
226 2039 413 2097 necessarium
428 2050 479 2105 est,
503 2049 536 2096 nt
550 2053 647 2095 omnes
659 2038 743 2114 plum
756 2037 843 2116 tudae
863 2037 938 2096 mnis
954 2034 1090 2113 Episcopi

154 2121 212 2178 sint
225 2121 308 2177 nnius
323 2131 352 2178 et
365 2119 491 2197 ejusdem
505 2119 674 2179 sententia?

196 2201 253 2261 111.
274 2201 311 2259 R.
326 2201 481 2278 Negatire3
500 2202 552 2260 eud
564 2201 668 2259 sufficit
686 2200 853 2260 unanimitas
876 2199 993 2258 moralis
1009 2199 1091 2277 Epie-

155 2301 299 2362 ceperum,
313 2301 365 2340 aaa
376 2282 464 2361 majetr
472 2301 570 2342 eorum
583 2301 647 2361 pars
658 2301 711 2341 suo
719 2283 813 2360 Capiti
829 2282 946 2341 &mmo
958 2279 1090 2340 Pontifici

155 2365 400 2426 consentientium.

197 2447 353 2506 Probatur:
383 2445 539 2504 communis
566 2456 595 2504 et
621 2456 736 2522 recepta
762 2457 806 2504 est
833 2445 958 2503 omnium
990 2445 1096 2503 Tribus

155 2529 261 2586 uallum
275 2529 331 2596 lex,
346 2539 379 2586 ut
393 2545 428 2586 ea
441 2527 601 2605 phiralitate
611 2527 806 2603 suffragiim
817 2527 955 2585 aeumutia
968 2545 1091 2604 pronun·

155 2609 264 2676 nictum
284 2610 363 2684 atqui
377 2609 423 2667 hic
436 2608 554 2667 habetur
576 2607 720 2686 pluralitas
745 2607 937 2686 suffragiorum
959 2627 1028 2665 curn
1043 2625 1090 2664 suo

156 2691 259 2769 Capite
273 2691 402 2749 Romano
418 2691 555 2749 Pontiiice
577 2689 831 2748 consentientium:
852 2709 920 2766 ergo
943 2689 968 2746 si
986 2707 1027 2747 cx
1052 2689 1090 2746 lde

156 2773 296 2832 sententia
308 2771 452 2830 definitiva
465 2772 666 2849 pronunciatur
678 2769 741 2830 haec
754 2783 798 2830 est
812 2771 952 2832 sententia
964 2769 1090 2848 legitime

158 2853 319 2913 Tribunalie
332 2853 420 2922 totino
434 2853 581 2912 Ecclesiae.

199 2937 406 3016 Confirmatur:
427 2935 551 3011 alioquin
565 2935 694 2994 Ecclesia
714 2935 855 3004 deiiceret,
878 2946 907 2992 et
929 2934 1091 2993 redderetur

155 3017 304 3078 invicibilis
316 3041 323 3087 ς
337 3017 490 3076 nesciretur
515 3017 600 3086 enim,
624 3017 671 3075 cui
685 3017 757 3095 parti
776 3016 976 3076 adhaerendum
999 3029 1090 3074 esset:

157 3101 270 3178 utrique
284 3112 378 3158 autem
392 3099 464 3176 parti
478 3097 620 3158 adhaerere
633 3117 690 3157 non
704 3116 859 3176 possemus,
869 3117 934 3156 cum
945 3098 1090 3156 interitus

157 3183 251 3240 unitas
265 3181 404 3240 Ecclesia
423 3197 480 3238 nen
504 3181 676 3249 sabsmteret,
698 3199 790 3256 neque
815 3181 941 3248 sciretur,
964 3196 1090 3258 quaenam

159 3263 290 3322 Ecclesia
303 3276 371 3321 tuuc
384 3264 457 3322 foret
471 3262 602 3320 columna
615 3275 644 3320 et
658 3263 864 3320 firmamentum
878 3261 1015 3319 ueritatis.

200 3345 334 3420 Denique
357 3344 405 3401 ille
428 3344 519 3401 minor
541 3362 675 3402 numerus
698 3343 902 3422 Episcnpemm
925 3361 977 3401 suo
1001 3341 1090 3421 Capiti

160 3425 384 3484 dissentientium
399 3425 554 3484 Ecclesiam
570 3426 740 3484 constituere
754 3425 799 3483 vel
813 3435 1016 3504 menna
1041 3441 1090 3483 non

160 3519 264 3585 potest.

203 3587 281 3645 Hinc
292 3587 427 3662 seqnitur,
442 3587 527 3663 qued,
541 3600 573 3646 ut
586 3587 716 3646 universa
729 3587 859 3648 Ecclesia
879 3597 1030 3647 maneatur
1053 3603 1089 3647 at·

162 3681 274 3746 ceptare
287 3667 408 3742 aliquam
422 3669 535 3726 Bullatn
547 3669 732 3742 pontificiam,
745 3671 875 3740 sufficiat,
885 3671 962 3745 qued
976 3671 1090 3729 muira

162 3763 192 3809 et
206 3748 348 3826 praecipua
360 3765 424 3825 pars
437 3749 515 3807 illam
528 3762 676 3828 acceptet:
690 3752 849 3810 nullatenus
863 3753 930 3809 neno
945 3749 994 3830 (ut
1004 3753 1089 3818 Ques·

161 3831 282 3889 nellietta
296 3826 411 3904 volunt)
424 3847 539 3889 necesse
552 3832 599 3901 eit,
621 3844 654 3890 ut
668 3849 766 3891 omnes
785 3832 909 3892 universi
924 3832 999 3890 urbia
1014 3833 1089 3912 Epis·

11 3897 40 4009 k
164 3911 472 3992 coptanocsepent,
496 3923 529 3972 ut
543 3913 673 3976 Ecclesia
693 3927 850 3990 ommutui,
873 3914 1032 3980 emotum
1048 3913 1090 3976 all·
