2248 4070
160 113 220 176 att
238 120 241 131 '
532 138 725 182 reserares

163 311 167 320 ·
201 279 243 338 ΙΙ.
269 280 428 360 Obreptitia
452 281 564 351 dicitur,
588 303 652 359 quae
671 279 813 341 obtinetur
834 301 885 357 per
907 283 1095 341 narrationem

161 361 233 420 falsi.
275 364 310 420 In
327 363 392 441 jure
405 377 500 422 tamen
525 365 652 441 obreptio
676 377 705 422 et
719 365 863 440 subreptio
888 385 963 441 saepe
978 365 1098 422 confun-

161 443 275 501 dantur.

205 524 356 602 Subreptio
379 527 423 584 vel
447 527 575 602 obreptio
602 537 697 602 potest
727 525 894 584 intervenire
922 527 999 584 circa
1027 525 1099 583 tria:

121 635 127 644 κ
166 605 213 663 1⁰.
229 607 312 665 Circa
326 628 437 666 causam
452 608 564 664 finalem
579 608 803 684 dispensationis.
825 611 874 663 20.
887 607 968 666 Circa
985 628 1099 666 causam
1119 649 1120 668 r

162 686 349 764 impulsivam.
392 691 437 747 3⁰.
462 689 546 749 Circa
568 709 610 759 ea,
632 709 696 764 quae
717 689 896 763 requiruntur
917 689 953 748 de
971 688 1042 766 jure
1058 669 1120 744 vell

163 769 238 846 stylo
252 771 349 827 curiae.
1119 815 1120 848 ἒ

204 851 342 914 Quaenam
359 850 461 908 dicitur
475 871 558 908 carisa
571 851 662 908 finalis
677 851 913 926 dispensationis?
1119 861 1120 922 i

202 931 259 989 Ill.
285 933 323 990 R.
347 933 409 999 Illa,
432 953 495 1008 quae
524 933 717 1008 principaliter
744 945 839 989 movet
866 934 1043 1008 superiorem
1068 934 1120 992 adi

162 1015 369 1072 concedendam
385 1013 641 1090 dispensationem
661 1015 701 1070 ite
716 1026 755 1082 ut,
770 1014 819 1070 ilbi
841 1015 958 1082 sublati,
986 1015 1101 1089 disper·
1119 1053 1120 1106 p

164 1095 295 1170 satiolvel
310 1096 389 1151 nullo
410 1095 494 1152 modo
519 1095 618 1152 luisset
640 1096 713 1160 data,
740 1095 784 1150 vel
809 1115 865 1150 non
888 1097 947 1154 sine
962 1115 1054 1152 onere
1076 1111 1102 1152 et

165 1177 402 1252 compensatione,
428 1189 477 1233 aut
501 1177 599 1232 saltem
627 1195 683 1232 non
706 1175 735 1231 in
758 1176 808 1232 tali
831 1177 931 1234 forma.
973 1177 1120 1234 Vocatur*

163 1257 249 1320 etiam
264 1277 348 1315 causa
360 1257 474 1314 motiva.

205 1339 359 1416 Impulsiva
383 1339 494 1407 dicitur,
517 1357 580 1414 quae
605 1337 717 1413 quidem
742 1338 830 1396 allicit
856 1338 1040 1415 Superiorem
1069 1339 1120 1395 ad¹

161 1419 271 1478 sacilinio
294 1420 410 1495 gratiam
433 1421 651 1488 concedendam,
676 1421 726 1476 sed
745 1421 800 1494 quei
822 1415 941 1489 subint,
966 1420 1102 1494 equidem

162 1501 292 1560 absolute
306 1513 335 1559 et
348 1501 378 1557 in
392 1502 489 1560 eadem
505 1503 594 1558 forma
608 1521 670 1558 earn
684 1494 861 1558 concederet.

205 1582 361 1658 Utriusque
376 1603 467 1640 causae
481 1583 643 1659 exemplum
658 1583 695 1638 sit
709 1581 781 1640 boc:
803 1583 866 1657 quis
880 1583 929 1640 dat
942 1583 1103 1658 eleemosy·
1119 1619 1120 1650 ,

163 1682 228 1720 narn
253 1663 378 1740 pauperi,
402 1685 485 1739 qaam
511 1665 545 1721 eb
567 1663 699 1720 libentius
713 1665 846 1739 impertit,
870 1664 935 1738 quia
956 1657 1120 1742 existimati

164 1763 230 1802 eam
244 1747 340 1822 probae
363 1745 448 1804 vitae:
470 1757 619 1823 paupertas
642 1757 685 1802 est
708 1765 792 1802 causa
806 1745 905 1814 finalis,
931 1763 960 1802 et
975 1747 1105 1822 probitas

163 1827 415 1904 ceusaimpnlsiva.

204 1907 259 1966 lV.
281 1907 378 1985 Stylus
393 1907 487 1968 Cuu'ae
502 1908 634 1966 dicuntur
656 1906 830 1965 conditiones
852 1907 908 1964 illae
931 1919 960 1964 et
985 1908 1120 1986 regulas„

163 2009 227 2065 qnae
255 1988 285 2046 in
313 1989 519 2066 dispensatione
547 1990 670 2066 petenda
697 2001 725 2047 et
753 1990 934 2046 concedenda
957 1990 1106 2048 observari

163 2071 277 2128 debent.
1097 2093 1120 2126 ,r

203 2152 353 2228 Requisita
366 2173 402 2210 ex
416 2152 490 2228 stylo
505 2152 591 2209 curiae
604 2171 656 2228 pro
679 2150 931 2228 dispensationibus
954 2153 1105 2209 matrimo-

162 2233 283 2291 nialibus
297 2234 361 2292 vide
375 2234 404 2290 in
420 2233 515 2291 Tract.
537 2239 554 2266 “
566 2234 601 2290 da
618 2233 650 2290 M
653 2232 761 2289 atrim.”
1119 2235 1120 2304 i

137 2320 140 2330 ’
204 2315 282 2373 No'ta
308 2315 338 2372 in
365 2315 508 2372 communi
536 2314 752 2390 dispensatione,
782 2334 845 2390 quae
873 2315 1044 2372 conceditur
1071 2317 1107 2370 ob

163 2415 261 2456 causas
275 2417 326 2454 seu
336 2397 456 2454 rationes
471 2397 636 2473 propositas,
646 2395 775 2470 exprimi,
789 2396 832 2452 vel
847 2395 945 2474 saltem
960 2397 1120 2472 subintel-p

161 2477 212 2554 ligi
226 2479 328 2536 debere
343 2477 414 2536 hauc
429 2477 600 2534 clausulam:
622 2476 683 2534 “Si
697 2496 794 2553 preces
815 2477 931 2534 veritate
946 2477 1120 2534 nitantur.”³

162 2558 220 2616 His
234 2559 333 2635 positis
347 2559 499 2635 quaeritur:
725 2565 729 2572 '

181 2721 220 2780 u.
245 2722 294 2778 eo.
336 2722 396 2779 Au
416 2719 696 2780 nisenusnrro
718 2679 971 2778 onnnrrrrrn
995 2719 1088 2778 ven

232 2802 507 2862 snnnnrrrrrs
530 2801 728 2861 onraura
752 2801 817 2860 sir
839 2801 1032 2860 vnmnar

162 2967 186 3026 Ι.
211 2964 360 3024 Sententia
391 2964 555 3040 Stenaertz'i.
605 2964 645 3020 ll.
670 2967 814 3022 Sententia
845 2962 989 3022 Sanebez.
1047 2963 1108 3020 Ill.

205 3047 354 3106 Sententia
364 3045 559 3126 Retffenatml.
594 3046 646 3102 IV.
667 3045 740 3115 Qnoe
748 3047 916 3122 praefertur.
956 3045 996 3100 V.
1019 3046 1111 3116 Quid

202 3130 272 3187 dum
287 3149 348 3187 nnn
358 3127 562 3204 cansafinnlis
575 3136 615 3184 est
629 3145 707 3189 nera,
723 3126 915 3200 ultcrcfolsa.
955 3125 1011 3183 VI.
1031 3127 1120 3184 Sub„

201 3213 293 3286 reptio
308 3213 337 3268 t'n
354 3209 426 3285 stylo
440 3211 528 3266 cnrnae
542 3210 635 3264 vitiat.
678 3207 746 3264 Vll.
771 3209 854 3278 Quid
857 3209 956 3285 faciat
969 3228 1061 3264 error
1077 3211 1109 3264 in

201 3293 341 3350 nomine..
378 3289 461 3348 Vlll.
486 3287 593 3347 Cansae
617 3289 719 3346 Rome
740 3291 857 3348 addite.
910 3287 964 3346 lx.
988 3289 1109 3348 Debent

200 3371 357 3448 verificari.
751 3417 754 3426 .

106 3588 107 3592 ,
199 3533 224 3590 Ι.
239 3532 485 3590 RESP..Variant
496 3529 657 3588 Authorum
672 3532 839 3608 opiniones:
855 3531 994 3608 steyaert,
1009 3531 1112 3590 Dael·

157 3633 223 3674 man
238 3614 328 3670 etalii
343 3615 417 3688 apud
434 3610 560 3670 Sanchez
575 3611 623 3668 lib.
639 3615 670 3669 8.
692 3619 709 3647 “
721 3615 756 3670 de
782 3614 928 3690 Matrim.”
951 3613 1027 3690 disp.
1058 3615 1112 3670 21.

156 3694 326 3772 generaliter
354 3695 453 3766 dicunt
478 3691 715 3767 dispensationem
730 3715 806 3752 esse
840 3695 1003 3762 invalidam,
1045 3695 1113 3752 sive

156 3775 301 3849 subreptio
316 3785 365 3830 aut
379 3772 505 3848 obreptio
520 3772 556 3827 sit
572 3771 646 3828 circa
660 3793 771 3833 causant
794 3777 915 3846 finalem,
939 3775 999 3834 sive
1025 3776 1115 3832 circa

156 3855 335 3935 impulsivam
347 3853 466 3913 tantum.
503 3851 590 3909 Ratio
600 3852 712 3912 illorum
727 3868 779 3926 est,
791 3858 867 3932 qubd
878 3857 940 3916 baec
951 3857 1092 3916 conditio
1104 3878 1113 3913 :

522 3969 632 4024 A
