2240 4060
388 245 393 254 ’
460 247 581 316 mm&
961 251 979 289 Υ

40 385 112 495 133
130 437 203 504 Quoe
217 449 247 496 et
260 436 349 514 qualis
363 436 463 516 injuria
475 439 589 498 inimico
603 438 640 497 sit
654 438 830 509 remittenda,
912 417 974 498 213

39 522 106 578 134
127 519 174 577 De
185 533 327 598 praeoepto
341 518 490 590 chantatis,
640 562 648 578 .
731 561 738 577 .
821 564 829 579 .
910 525 972 582 214

40 603 106 657 135
128 601 175 659 De
189 601 451 670 ordinccharitatis,
642 644 649 658 .
731 644 739 661 .
822 645 830 660 .
913 606 973 662 216

37 683 105 739 136
127 682 174 741 De
188 683 338 760 modoque
349 684 428 741 Deus
440 683 597 760 diligendus
612 698 654 740 est
668 703 751 760 super
761 686 854 742 omnia
936 684 972 742 ib.

37 765 105 820 137
127 764 175 824 An
190 763 282 822 'homo
303 785 338 822 ex
361 763 494 823 charitate
516 766 606 841 magis
620 765 735 840 diligere
749 767 851 824 debeat

165 845 286 922 seipsum
301 845 383 923 quim
399 848 566 924 proximum,
730 888 738 904 .
820 889 828 904 .
907 849 970 905 218

37 927 104 985 138
129 927 175 987 Au
189 925 275 984 homo
289 929 389 986 debeat
403 929 491 1004 magis
505 929 620 1004 diligere
634 927 792 1004 proximum
806 949 850 986 se·

165 1009 290 1068 cundum
304 1010 423 1067 animant
435 1010 517 1086 quim
532 1029 633 1086 corpus
647 1009 799 1087 proprium,
888 1079 892 1084 Ι
912 1013 971 1068 220

37 1089 105 1146 139
126 1090 173 1146 An
185 1090 450 1149 liceatvitamsuam
465 1110 604 1168 exponere
614 1091 740 1168 periculo
755 1091 852 1150 mortis
906 1119 912 1130 ·

163 1190 215 1247 pro
229 1172 286 1229 vita
299 1172 428 1250 proximi,
552 1214 560 1230 .
642 1214 650 1230 .
732 1214 740 1230 .
821 1213 829 1229 .
911 1175 966 1230 221

37 1252 103 1309 140
124 1251 172 1310 De
186 1254 284 1312 ordine
298 1254 433 1312 servando
447 1273 513 1330 erga
525 1253 667 1332 proximos
680 1255 754 1312 inter
767 1273 797 1312 se
911 1255 970 1311 222

36 1333 98 1390 141
123 1333 170 1392 De
184 1335 292 1392 actibus
306 1333 457 1405 charitatis,
641 1376 649 1393 .
730 1377 738 1392 .
820 1376 828 1392 .
912 1339 971 1394 224

35 1413 103 1471 142
124 1415 384 1487 Demiscricordia,
523 1441 557 1474 ·.
641 1459 648 1473 .
730 1458 737 1474 .
820 1458 828 1475 .
911 1417 969 1474 225
1049 1459 1051 1467 .

34 1495 101 1560 143
123 1495 170 1554 De
184 1497 370 1576 eleemosyna,
551 1540 558 1556 .
640 1540 648 1555 .
729 1539 737 1554 .
820 1539 828 1555 .
909 1500 971 1556 226

34 1577 101 1634 144
123 1577 295 1657 Depraacep
296 1593 326 1638 to
340 1579 537 1658 ele‘e'rnosynae,
639 1621 646 1636 .
728 1622 735 1636 .
909 1581 969 1636 227

34 1659 101 1715 145
124 1659 152 1716 Α
167 1660 267 1736 quibus
281 1675 310 1719 et
324 1663 359 1720 de
374 1661 475 1737 quibus
489 1661 549 1718 fieri
562 1659 651 1752 possit
665 1659 851 1758 eleemosyna,
909 1663 969 1718 230

35 1741 100 1796 146
122 1739 169 1799 De
183 1743 357 1819 correptione
366 1744 499 1810 fraterna,
725 1783 732 1799 .
909 1743 971 1861 231

33 1822 99 1878 147
121 1821 168 1880 De
183 1823 389 1881 conditionibus
407 1823 555 1900 requisitis,
577 1835 609 1881 ut
632 1823 770 1901 correptio
794 1825 868 1881 tra*
967 1821 971 1832 ’

161 1915 240 1966 terna
254 1905 369 1982 obliget,
546 1945 554 1960 .
638 1945 646 1962 .
728 1945 736 1961 .
817 1947 825 1962 .
908 1905 969 1962 233

34 1987 101 2044 148
123 1983 170 2044 De
184 1987 281 2045 ordine
296 1986 477 2063 correptionis
492 1987 629 2054 fraternae,
818 2028 826 2043 .
909 1985 969 2042 235

35 2068 99 2124 149
121 2065 168 2124 De
179 2068 255 2126 rrtns
269 2067 397 2126 charitati
412 2069 556 2147 oppositis,
639 2110 647 2126 .
729 2109 736 2124 .
818 2110 826 2124 .
907 2069 968 2127 236

36 2149 100 2206 150
121 2147 167 2206 De
181 2149 386 2220 maledictione,
549 2192 557 2206 .
817 2189 825 2206 .
909 2151 969 2208 238

37 2230 93 2285 151
120 2228 166 2287 De
181 2230 329 2302 discordia,
350 2229 508 2300 schismate,
530 2229 598 2301 rixa,
620 2232 671 2288 &c
685 2229 774 2298 dte..
817 2271 824 2286 .
907 2232 969 2287 233

36 2311 99 2366 152
121 2309 168 2368 De
182 2313 323 2382 scandalo,
908 2313 969 2368 240

35 2393 99 2446 153
121 2391 167 2449 De
182 2393 288 2452 malitia
302 2391 456 2462 scandali,
562 2419 564 2426 ¹
637 2435 645 2450 .
816 2435 825 2450 .
908 2395 968 2468 242

36 2473 98 2532 154
120 2473 167 2531 De
181 2473 237 2531 illis
257 2495 319 2550 quae
341 2475 401 2533 fieri
424 2476 526 2533 debent
540 2487 589 2531 aut
604 2473 694 2531 omitti
708 2474 743 2531 ad
758 2474 846 2531 vitan·

159 2555 225 2612 dum
241 2557 412 2670 scandalum,
547 2597 554 2612 .
613 2583 644 2613 ’.
727 2599 734 2612 .
817 2599 825 2613 .
908 2557 969 2613 244

274 2741 278 2750 ·
368 2717 636 2777 uateoreos.
711 2695 713 2708 '

56 2883 70 2936 l
97 2877 145 2936 De
158 2879 320 2938 delinitione
334 2880 413 2958 legis,

53 2962 76 3016 2
96 2959 145 3018 De
158 2961 213 3020 line
227 2960 306 3038 legis,
502 3011 503 3014 ,

53 3044 74 3097 3
97 3041 144 3099 De
157 3053 298 3120 potestate
311 3043 417 3101 ferendi
431 3043 531 3117 legem,
611 3077 614 3086 ι
728 3085 736 3099 .

53 3123 76 3180 4
97 3122 144 3181 De
158 3125 379 3202 promulgatione
393 3125 472 3201 legis,

53 3207 75 3260 5
97 3203 145 3262 De
159 3207 381 3282 promulgatione
396 3205 489 3281 legum
509 3205 660 3283 papalium,

53 3288 74 3342 6
96 3285 144 3344 De
156 3286 265 3345 Placito
277 3287 356 3363 regio
365 3287 396 3344 in
413 3288 521 3363 Belgio,

54 3369 73 3423 7
96 3367 145 3426 Do
158 3379 284 3445 tempore
301 3369 477 3445 obligationis
491 3369 571 3445 legis,

55 3455 73 3508 8
96 3447 144 3507 De
157 3451 334 3508 revocatione
348 3451 452 3526 legum,
635 3491 643 3505 .

54 3533 73 3586 9
95 3527 143 3587 De
157 3531 349 3608 acceptatione
366 3532 436 3602 legis
451 3551 501 3609 per
513 3531 658 3608 populum,

38 3613 74 3668 10
97 3611 145 3670 De
158 3613 266 3670 actibus
280 3627 309 3672 et
323 3613 469 3672 effectibus
484 3614 588 3689 legum,

39 3694 71 3750 ll
97 3693 145 3751 De
159 3695 341 3752 divisionibus
355 3695 459 3771 legum,
542 3735 549 3750 .
633 3735 640 3750 .
722 3725 732 3752 ·.
816 3737 823 3752 .

39 3776 74 3832 12
97 3775 143 3833 De
154 3775 216 3852 lege
231 3788 342 3846 aeterna,

39 3857 75 3912 13
98 3857 201 3916 Utrum
216 3858 306 3915 omnis
320 3857 366 3914 lex
381 3857 551 3916 deductura
566 3857 627 3936 lege
642 3870 770 3928 aeterna,'

41 3939 74 3996 14
97 3937 144 3998 Do
157 3937 220 4017 lege
234 3939 360 4012 naturali,
