2224 4050
155 75 194 136 52
484 93 675 139 rrncreruo

195 237 261 298 Non
276 248 427 298 esttamen
451 241 577 310 dubium,
599 239 667 316 quin
689 235 808 316 majores
832 237 861 296 in
880 237 986 318 populo
1004 238 1085 318 plora

153 321 287 398 explicito
300 321 482 396 cognoverint
495 333 525 379 ot
539 321 708 380 crediderint
721 321 757 378 rie
771 319 964 379 Incaruotions
972 331 1007 378 ot
1017 319 1085 378 Pas·

154 403 233 461 sione
248 400 370 470 Christi3
391 403 457 478 quia
469 416 548 462 erant
561 403 733 462 sufficienter
745 401 877 472 revelata,
899 415 930 460 et
950 402 980 459 in
995 400 1085 460 Sacri·

155 478 228 544 ficiis
240 483 427 560 praefignruta.

195 567 332 631 Quaenam
343 564 374 622 in
383 583 457 624 nora
464 565 543 643 Lege
553 565 686 643 explicito
696 565 836 624 medenda
845 575 911 622 sunt
919 563 1086 623 mirate

154 647 241 704 medii
255 645 292 704 ad
305 646 450 705 salntem?

195 727 237 785 11.
259 727 297 785 R.
310 726 394 786 Licet
407 728 436 786 in
450 727 485 785 iis
505 728 700 786 enumerandis
722 724 889 786 scholastici
912 725 1086 794 mount,

154 807 239 868 solita
250 818 345 867 tamon
359 809 389 865 in
403 808 589 869 Catocirismis
606 822 638 867 et
650 821 764 886 rooopta
776 809 807 865 in
820 807 1002 866 inrtmotiono
1015 807 1087 864 tide·

153 889 233 959 lium,
247 889 373 965 adeoquo
387 891 509 970 tenenda
521 890 665 968 responsio
679 901 731 960 est,
753 887 829 965 quod
842 902 907 967 post
927 888 1088 966 promulga-

153 984 215 1028 tum
229 971 402 1030 sufficienter
415 971 611 1048 Evangeiinm,
630 971 661 1028 id
683 984 736 1040 est,
751 972 827 1029 circu
847 983 960 1047 tompus
982 969 1088 1028 excidii

153 1052 394 1129 Jerosolymitani,
410 1066 442 1111 nt
456 1053 563 1111 dictum
585 1065 629 1111 est
643 1052 682 1110 N.
695 1055 744 1110 96.
765 1061 783 1088 “
794 1053 832 1110 do
844 1051 994 1128 Lepon?
1017 1069 1089 1128 qua·

152 1145 219 1191 tuor
232 1133 288 1192 siut
311 1147 416 1211 puncto
439 1134 573 1212 explicite
595 1135 736 1192 credenda
758 1134 927 1192 neomuto
944 1132 1029 1192 medii
1050 1133 1090 1190 nd

153 1215 292 1283 salntem
323 1213 385 1273 hmo
411 1216 533 1274 brevitor
555 1215 686 1292 exprimit
709 1215 883 1293 Stoyuortim
907 1213 952 1272 iris
972 1214 1089 1274 vorbis:

153 1301 172 1330 “
186 1297 276 1364 Deus,
290 1296 370 1372 isque
390 1309 590 1366 remunerator,
607 1295 788 1355 Sanctissima
802 1296 924 1354 Trinitas
948 1307 978 1354 ot
997 1295 1093 1354 ruodi-

153 1382 173 1412 tt
186 1376 276 1438 ator-’⁹

194 1459 317 1536 Explica
330 1471 451 1536 quotuor
463 1460 599 1538 praedicta
609 1471 724 1539 puncta.

193 1541 251 1599 111.
269 1541 444 1600 lanietur
464 1541 610 1602 “Denso'’
630 1542 705 1601 cuca
718 1541 793 1618 qood
813 1540 979 1600 nomenato
998 1538 1092 1598 medii

155 1622 272 1682 credero
286 1634 399 1700 oportet
407 1623 504 1684 Deum
515 1643 577 1682 esso
589 1643 642 1682 oon
652 1623 771 1682 existere
780 1621 864 1700 juxto
872 1623 944 1682 iliud
953 1621 1094 1682 adHebr.

154 1724 217 1782 cap.
236 1705 283 1762 11.
306 1705 459 1764 “Credere
472 1705 691 1783 oportet...quia
702 1703 771 1762 est.”

196 1786 243 1844 2⁰.
258 1786 381 1845 Credere
393 1806 508 1846 neemso
523 1799 575 1856 eut,
589 1786 714 1844 nonnisi
727 1805 815 1843 anu
827 1803 892 1843 osso
900 1784 1014 1842 Deum:
1038 1782 1095 1842 iila

156 1867 230 1926 enim
254 1868 348 1926 unitas
371 1868 513 1945 precipue
534 1867 692 1926 inculcetur
712 1867 743 1924 in
773 1867 917 1944 Scriptura
941 1865 1035 1935 Scor-e,
1061 1877 1097 1923 et

152 1949 300 2026 untopere
313 1959 347 2008 nt
359 1949 430 2008 fides
442 1949 607 2008 Judreornm
620 1949 698 2007 iliam
710 1967 762 2028 pro
774 1948 867 2026 primo
876 1947 954 2008 relnt
967 1946 1095 2006 articulo

152 2031 318 2089 contineret.

194 2113 244 2168 8⁰.
264 2111 387 2189 Oportet
399 2123 433 2170 ut
446 2132 501 2172 vox
522 2117 541 2147 “
551 2109 649 2172 Deo?
662 2112 838 2190 intoiiigutur
849 2111 947 2170 saitem
961 2111 1097 2180 eamus,

152 2203 187 2250 ut
199 2193 328 2252 medetur
341 2193 423 2252 Deus
435 2196 488 2252 snb
502 2194 596 2270 aliqua
608 2193 746 2252 mtionoir
770 2191 905 2252 moetoris
925 2193 1096 2260 diminutus,

152 2273 199 2332 vol
212 2286 343 2351 unquam
356 2275 455 2332 mnndi
470 2277 588 2336 Creator
601 2287 631 2334 ot
645 2275 759 2346 Restm,
774 2275 819 2332 vol
840 2285 973 2350 tunquam
993 2274 1102 2331 omnim

152 2366 263 2430 potem,
273 2375 413 2414 summum
427 2357 542 2429 bonam,
553 2357 606 2416 &c-
641 2356 705 2415 Etsi
717 2356 792 2418 torte
805 2373 870 2414 otum
884 2373 978 2415 onore
987 2354 1094 2434 aliquio

152 2436 209 2495 leri
222 2437 297 2496 circu
309 2437 369 2514 ejus
383 2439 524 2497 attributa.

196 2520 246 2576 4⁰.
260 2518 383 2583 Quidam
396 2520 495 2577 volunt
508 2519 607 2578 eidem
620 2519 786 2578 necessitate
800 2518 932 2596 explicito
945 2517 1101 2576 ammon

154 2619 216 2658 osso
229 2599 279 2657 iila
290 2601 425 2658 ottribntu
431 2601 498 2670 Dei,
507 2619 571 2676 quoe
585 2599 688 2658 habent
697 2601 834 2659 romonem
841 2599 968 2658 formeiis
979 2597 1095 2675 objecti

153 2692 284 2758 respectu
307 2680 440 2738 virtutum
454 2680 686 2758 theologicorum,
707 2695 736 2740 ot
755 2681 853 2740 motiri
868 2677 1101 2739 fundumentum*

153 2774 285 2838 respectu
308 2761 418 2820 virtutis
433 2761 609 2840 Religionis:
630 2775 659 2822 et
682 2762 737 2822 hoc
761 2781 856 2821 veru·
881 2775 932 2829 est,
956 2774 990 2819 ut
1003 2773 1098 2819 uetus

152 2841 263 2906 illarum
278 2842 411 2902 virtutum
425 2855 614 2922 auotomporo
623 2844 786 2903 eliciantur:
800 2845 967 2920 untiopatet
976 2841 1096 2900 utititas

154 2936 185 2982 ot
198 2925 349 2984 necomitas
362 2924 552 2985 instructionis
566 2928 602 2984 do
615 2925 776 3003 hujusmodi
789 2925 939 2983 attributis.

195 3005 248 3064 1v.
270 3007 315 3064 2⁰.
330 3006 445 3064 Dicitur
465 3007 717 3067 “remuneratore'’
736 3008 813 3066 circa
824 3007 901 3083 qnod
914 3004 1098 3063 necessitate

153 3087 241 3146 modii
254 3087 386 3166 explicite
399 3089 569 3147 credendum
584 3103 636 3158 ost,
651 3090 745 3148 Deum
760 3108 823 3146 esso
846 3099 1097 3146 remuneratorem

153 3170 290 3226 bonorum
299 3167 382 3245 juxto
395 3169 466 3227 illud
479 3171 515 3228 ad
530 3171 607 3228 Heb.
620 3191 681 3248 cop.
698 3172 746 3228 ll.
766 3177 823 3229 “et
835 3168 1045 3246 inquirentibus
1061 3187 1099 3225 so

153 3257 174 3286 ‘⁴
186 3262 377 3308 remunerator
390 3249 453 3307 sit?

193 3331 365 3406 iutelligitur
377 3343 471 3389 numm
486 3343 676 3390 remunerator
684 3334 821 3391 bonorum
834 3351 885 3409 per
893 3331 961 3389 ritoa
970 3341 1099 3389 aetomae

152 3411 364 3470 retributionem
379 3413 408 3470 in
423 3414 509 3482 colis,
524 3431 587 3489 qnte
604 3427 648 3471 ost
661 3413 802 3491 objectum
821 3433 932 3490 sempor
944 3412 1010 3490 spei
1023 3429 1098 3470 nos·

151 3506 213 3560 ute,
227 3504 260 3551 ut
273 3493 361 3569 liquet
374 3513 410 3551 ox
427 3498 528 3571 Apoot.
543 3495 606 3552 ioco
620 3495 668 3553 cit.
792 3533 797 3544 ·

105 3636 114 3656 ,
193 3574 348 3651 Propterea
360 3570 459 3634 sidem
472 3577 638 3634 necessitato
652 3577 821 3635 medendum
829 3585 881 3646 est,
890 3575 959 3634 licet
968 3574 1098 3651 quidum

152 3666 318 3732 repugnent,
345 3655 441 3714 Deum
466 3677 527 3714 esso
552 3658 690 3716 vindicem
714 3658 860 3727 maiorum,
887 3670 973 3734 prout
997 3656 1098 3730 migr}

153 3736 292 3795 enuntiari
306 3736 387 3794 sciet.
429 3737 483 3796 illa
496 3739 644 3798 retributio
664 3741 844 3797 bonorumet
867 3739 1007 3796 mulorum
1032 3737 1098 3800 dior

152 3818 241 3878 tincto
264 3817 420 3896 explicatio
440 3820 470 3877 in
485 3819 620 3899 symbolo
644 3820 675 3880 S.
700 3819 868 3879 Athanasii:
897 3827 914 3855 ‘⁴
927 3817 986 3884 Qui
1013 3818 1097 3878 bona
