2224 4050
179 105 220 162 31
546 121 747 167 reseratus.

219 266 347 331 Quantis
373 267 481 326 tantdm
508 268 602 346 aliqua
629 279 681 340 est,
708 291 745 328 an
772 287 823 346 per
848 265 904 328 boc
927 267 982 328 dici
1005 267 1098 346 possit,

177 348 310 406 articulos
324 350 390 408 lidei
403 351 522 408 crevisse
533 351 626 427 quoad
640 352 831 421 substantiam,
845 371 881 410 an
895 351 999 410 tantirm
1013 349 1100 426 quoad

180 431 397 506 explicationem
411 444 441 490 et
455 449 614 510 expressam
625 433 839 510 professionem.

219 511 260 569 11.
275 513 356 570 Etru
378 512 429 572 bac
443 515 605 590 quaestione,
627 535 690 596 quar
713 517 772 573 lere
787 516 823 572 da
837 514 949 572 nomine
962 524 1011 579 est,
1030 511 1101 569 Pau-

172 593 256 662 wale,
272 595 356 653 Pater
372 597 505 664 Antoine,
529 597 581 653 bc.
605 591 711 666 dicunt,
736 596 868 654 articulos
877 595 949 654 fidei
961 595 995 653 ab
1011 593 1101 654 Adam

177 695 266 750 usque
279 677 315 733 ad
331 677 484 753 Apostolos
498 678 618 736 crevisse
630 679 724 753 quoad
738 677 930 736 substantiam.

219 757 273 816 111.
289 757 389 816 Plures
403 771 496 817 tamen
512 779 576 816 cum
592 759 622 818 S.
631 759 732 817 Thom.
743 771 838 818 amant
851 758 952 826 dicere,
964 756 1033 832 qndd
1046 773 1103 812 non

178 838 315 896 creverint
329 841 420 916 quoad
435 840 637 909 substantiam,
653 842 703 900 sed
716 841 824 900 tantirm
839 841 930 916 quoad
945 837 1104 914 explicatio·

171 938 251 987 nem,
273 921 332 980 sive
354 923 429 996 qubd
443 923 551 980 tantum
564 922 687 980 notiores
701 935 730 980 et
744 921 950 1015 explicatiores
947 917 1105 985 evaserint,

177 1001 251 1076 quia,
265 1001 404 1078 inquiant,
429 1023 612 1080 quaecumque
625 1003 793 1098 posteriores
807 995 992 1069 crediderunt,
1015 999 1104 1058 conti-

176 1083 343 1141 nebantur
335 1104 364 1142 ιι
386 1085 442 1144 lide
466 1081 693 1180 praecedentium,
718 1086 854 1160 quatends
877 1103 974 1141 omnes
996 1079 1107 1140 articuli

176 1163 313 1280 implicite
347 1167 525 1224 continentur
559 1166 588 1223 in
603 1165 659 1224 lris
686 1167 817 1225 duobus:
852 1165 955 1224 Deum
975 1183 1043 1232 esse,
1074 1174 1107 1219 et

177 1245 410 1324 “providentiam
434 1247 574 1308 babere
551 1247 624 1306 cuca
637 1248 756 1306 salutem
768 1245 947 1314 1ιοιι1ιιιιι;”
970 1243 1016 1320 qui
1030 1243 1108 1302 enim

173 1325 227 1385 illa
240 1329 337 1397 credit,
362 1342 492 1389 censetur
515 1331 614 1390 eadem
639 1331 762 1398 credere,
786 1341 869 1408 prout
893 1327 1000 1422 ipapte
1018 1325 1109 1384 raiae

177 1407 289 1481 babent,
313 1409 358 1471 vel
368 1409 496 1506 ,prouti
519 1411 585 1472 Deo
609 1423 675 1470 sunt
696 1411 830 1484 ordinata,
854 1407 1028 1488 quamvisde
1051 1405 1110 1465 illis

171 1491 302 1567 [nondum
317 1491 354 1550 sit
367 1491 529 1552 instructus.

218 1574 266 1630 An
282 1574 366 1632 etiam
379 1588 443 1656 poet
454 1588 580 1653 tempora
593 1573 795 1654 Apostolorum
810 1571 877 1676 fidei
890 1569 1001 1676 articuli
1014 1589 1097 1630 creve

176 1655 266 1712 1111119

218 1733 270 1794 IV
285 1735 322 1798 11
347 1735 447 1814 Neque
461 1737 552 1814 quoad
567 1737 759 1806 substantiam,
774 1757 865 1816 neque
880 1733 972 1812 quoad
985 1725 1100 1812 explica

176 1817 284 1876 tionem
306 1831 472 1888 crevatunt;
493 1819 559 1896 quia
580 1819 629 1877 illo
654 1831 779 1898 tempore
805 1819 859 1876 fuit
871 1816 1020 1913 plenitudo
1043 1815 1096 1874 fid·

171 1899 256 1982 juxta
269 1899 434 1960 illudJoau.
427 1921 507 1978 ..cap
527 1895 571 1958 16.
587 1901 624 1959 V.
642 1903 687 1960 13.
722 1907 740 1935 “
753 1901 826 1961 Cirm
839 1897 947 1959 venerit
960 1898 1009 1958 ille
1021 1895 1099 1976 Spiri

178 1986 195 2014 ‘¹
206 1992 252 2040 tus
266 1981 398 2051 veritatis,
425 1983 537 2042 docebit
550 2003 600 2040 vos
614 1981 726 2046 omnem
739 1980 917 2050 veritatem?
939 1999 1067 2058 quaprop
1089 2004 1112 2029 ι·

170 2061 259 2158 Jnovae
286 2061 480 2132 revelationes,
515 2084 579 2140 quta
606 2065 692 2124 fidem
721 2061 895 2124 Catholicam
929 2071 1107 2122 coneemmnt

177 2142 288 2212 admitti
303 2145 457 2222 amplirls
434 2165 490 2208 non
505 2145 617 2204 debent.

172 2227 175 2231 ’
218 2223 322 2286 Dices:
351 2238 415 2326 pqst
437 2240 564 2304 tempora
592 2227 796 2306 Apostolorum
823 2226 921 2286 multae
941 2223 1076 2284 veritates
1106 2252 1110 2275 ι

171 2299 313 2367 'conciliis
327 2318 356 2366 et
380 2328 398 2366 a
382 2306 595 2368 Pontificrbus
619 2322 684 2368 sunt
703 2309 826 2370 definite
840 2320 870 2368 et
883 2300 1052 2385 propositae
1048 2319 1102 2364 tan

177 2409 262 2478 quarn
276 2387 311 2448 de
325 2387 390 2455 lide,
416 2410 479 2467 quse
502 2403 567 2448 ante
589 2391 780 2456 definitionem
805 2391 841 2448 de
855 2389 911 2448 fide
933 2408 991 2448 non
1013 2399 1097 2446 erant

175 2469 245 2547 ergo
260 2470 344 2529 etiam
358 2483 422 2548 post
435 2483 562 2549 tempora
586 2473 789 2550 Apostolorum
803 2469 914 2530 articuli
935 2469 1004 2528 fidei
1018 2489 1106 2528 creve

178 2565 252 2610 111111.
540 2588 542 2594 ·

190 2631 194 2640 ’
221 2630 258 2692 R.
281 2630 418 2710 Negando
441 2654 555 2710 conseq.
578 2633 644 2710 quia
667 2629 725 2693 illae
749 2633 880 2693 veritates
903 2626 1106 2710 ab'Apostoli

179 2715 264 2772 etiam
288 2715 420 2792 explicite
444 2717 556 2774 bierunt
580 2717 700 2793 cognitae
725 2727 754 2775 et
781 2715 918 2774 Ecclesiae
942 2713 1105 2792 propositae

178 2797 295 2874 preinde
324 2797 452 2856 Ecclesia
473 2793 608 2855 definiens
628 2814 684 2856 non
706 2798 803 2856 condit
823 2796 973 2856 articulum
998 2795 1103 2852 omnin

178 2880 367 2946 natumsed
390 2881 425 2938 de
449 2898 522 2936 novo
545 2879 626 2937 illum
649 2879 854 2957 particulariter
879 2877 1035 2956 proponit;
1060 2896 1103 2932 no

176 2971 272 3018 tamen
288 2979 324 3018 ex
338 2979 410 3018 nova
422 2953 601 3029 revelatione,
622 2963 671 3019 sed
686 2962 794 3019 tantum
809 2959 962 3026 declarans,
983 2975 1084 3034 quaen
1102 2986 1108 3009 ·

179 3042 256 3100 credi
269 3042 398 3110 debeant,
413 3062 447 3101 ac
459 3044 494 3100 ab
510 3043 655 3120 Apostolis
669 3043 771 3102 tradita
784 3055 813 3100 et
827 3041 933 3100 credita
946 3039 1069 3098 luerint.

173 3149 176 3156 ·
221 3123 337 3200 Exque
351 3137 437 3201 patet,
459 3125 535 3200 qudd
549 3124 642 3200 aliqua
665 3124 773 3202 possint
786 3123 909 3200 incipere
923 3121 968 3180 vel
984 3121 1110 3178 desinet

177 3223 241 3270 esse
255 3205 290 3263 de
304 3205 369 3278 lide,
391 3206 499 3264 scilicet
512 3207 662 3283 obligante,
676 3218 760 3284 prout
773 3205 803 3262 in
816 3205 872 3262 fine
886 3203 976 3266 Num.
995 3205 1047 3261 12.
1062 3202 1112 3260 di

179 3300 241 3346 tum
255 3299 308 3344 est.

221 3370 269 3426 Au
286 3367 413 3426 Ecclesia
425 3380 489 3446 pest
504 3367 705 3446 Apostolorum
719 3381 846 3446 tempora
864 3387 914 3444 per
927 3365 1081 3446 succeden
1104 3390 1112 3416 ι

178 3461 277 3506 etates
291 3467 402 3526 semper
414 3461 457 3508 est
470 3449 561 3507 minda
575 3451 659 3509 docta
672 3463 701 3509 et
714 3451 805 3507 minius
818 3449 981 3526 intelligens
995 3448 1028 3504 in
1045 3467 1111 3525 my

179 3531 258 3588 teriia
271 3531 360 3589 fidei?

174 3637 175 3645 ¹
221 3611 257 3670 V.
272 3613 309 3670 R.
331 3611 485 3688 Negative:
509 3612 575 3688 qnia
598 3613 682 3671 sicuti
703 3612 876 3689 temporibus
898 3609 1060 3690 prioribus,
1089 3629 1112 3666 r·

178 3693 265 3751 etiam
279 3693 477 3770 posterioribus
503 3694 631 3752 Ecclesia
644 3707 688 3753 est
711 3696 923 3754 fundamentum
937 3705 968 3765 et
983 3691 1091 3750 colum

180 3776 313 3845 variatis,
330 3775 377 3833 cui
388 3775 472 3834 Deus
485 3793 574 3854 usque
588 3777 623 3834 ad
637 3775 905 3836 consummationem
919 3773 1023 3834 saeculi
1040 3772 1106 3831 assi

179 3857 297 3916 tentiam
314 3877 393 3916 snam
407 3857 543 3936 promisit.
928 3881 931 3894 =
