2224 4050
357 131 399 174 DE
413 125 619 176 vtururtaus

205 273 243 336 N.
256 277 306 336 22.
331 275 390 336 DE
404 277 629 339 ARTIGULIS
644 274 767 336 FIDEI.

280 437 316 498 S.
334 437 434 498 stom.
446 449 545 518 querat.
561 443 588 500 l.
601 451 657 500 art.
671 441 700 498 6.

72 685 157 820 εἷς
179 681 362 744 meroem.
401 683 459 744 111.
480 684 525 744 m
544 681 857 764 permutarem
941 708 951 724 ·

44 597 213 661 tunicatos
236 599 333 660 Fidei.
373 601 414 664 11.
428 601 521 662 Debet
537 624 594 664 ecee
610 605 716 663 veritas
727 599 952 758 priorarum

72 883 166 949 QUID
181 883 349 962 intelligitur
361 903 413 964 per
426 887 497 945 fidei'
506 887 679 947 articulum?

70 965 90 1024 Ι.
103 965 138 1022 R.
152 965 206 1023 Est
219 967 383 1044 propositio,
408 989 458 1026 seu
472 971 573 1028 veritas
595 969 722 1046 quaedem
736 965 867 1044 primaria
880 963 953 1021 iuter

41 1047 167 1115 credenda,
192 1045 298 1106 habeus
311 1049 507 1127 particularem
532 1053 561 1108 in
584 1051 724 1109 credendo
747 1045 952 1114 difficultatem,

39 1129 161 1206 pertinens
183 1129 221 1186 ed
246 1129 363 1188 salutem
379 1144 521 1190 arternum.
561 1133 607 1191 Ita
629 1131 794 1210 Symbolum
820 1125 953 1208 Apostol.

39 1207 205 1286 complecitur
219 1211 368 1269 duodecim
384 1213 524 1272 articulos.

66 1291 101 1350 ll.
124 1291 205 1349 Hinc
227 1303 314 1368 patet,
339 1293 414 1369 quod
435 1295 546 1372 proprie
568 1306 598 1353 et
618 1291 778 1372 theologice
801 1291 952 1368 loquendo,

37 1386 61 1430 ut
71 1371 171 1448 aliquid
185 1373 224 1431 sit
235 1373 300 1431 fidei
314 1375 457 1448 articulus,
471 1377 628 1453 requiratur
642 1375 740 1452 primo,
755 1387 787 1434 ut
801 1374 837 1431 sit
851 1371 954 1430 veritos

36 1453 149 1531 primarie
172 1453 318 1532 pertinens
341 1455 378 1514 ad
401 1471 524 1516 nostram
543 1457 790 1534 justificationem:
818 1455 953 1538 atleoque,

36 1537 93 1612 quod
107 1535 255 1596 Abruham
268 1536 396 1596 hebuerit
410 1541 481 1596 duos
495 1539 578 1610 filios,
600 1559 687 1596 unum
702 1539 737 1596 de
752 1536 861 1604 ancilla,
884 1537 954 1594 alte·

36 1637 81 1673 rum
95 1617 129 1675 de
142 1617 253 1684 libere:
277 1621 352 1695 quod
367 1631 473 1678 attactu
488 1623 591 1679 ossium
607 1619 716 1689 Elizaei,
735 1619 867 1676 revixerit
879 1635 954 1674 mor-

35 1711 92 1769 tuus,
106 1700 160 1757 lec.
177 1719 237 1757 non
252 1711 316 1758 suut
330 1702 440 1762 articuli
453 1703 529 1772 fidei,
543 1704 594 1761 sed
603 1703 735 1760 veritates
745 1700 802 1758 illm
815 1700 954 1760 reducun-

35 1793 68 1836 tur
76 1781 107 1838 ad
118 1799 209 1838 uuum
217 1781 375 1860 generalem
384 1783 542 1856 articulum,
555 1805 610 1864 quo
617 1783 710 1842 omnia
720 1801 783 1860 quae
794 1792 955 1840 asseruntur

33 1861 208 1939 iuScripture
224 1862 255 1922 S.
269 1865 421 1922 creduntur
440 1885 501 1931 esse
515 1882 589 1925 rere.
653 1858 657 1867 ⁴
908 1931 910 1938 ,

61 1943 111 2001 ΙΙΙ.
126 1945 265 2004 Secundo
279 1946 441 2023 requiritur,¹
460 1960 493 2005 ut
507 1948 561 2006 ista
574 1944 675 2006 veritos
689 1943 838 2024 specialem
850 1942 954 2023 ¹luberet

35 2025 53 2081 iu
64 2025 204 2083 credendo
219 2023 433 2086 difficultatem:
457 2029 541 2098 uude,
563 2030 638 2105 quod
653 2027 782 2087 Christus
796 2045 893 2106 pessus
907 2026 953 2104 sit,

33 2119 139 2164 uomuus
155 2111 188 2164 et'
202 2107 341 2184 sepultus,
357 2125 427 2166 uuus
442 2121 485 2168 eet
498 2109 565 2168 iidei
578 2109 720 2178 articulus,
737 2122 793 2167 tres
808 2107 956 2166 continens

34 2188 234 2264 propositiones,
249 2207 365 2264 quarum
380 2191 444 2250 duae
454 2192 622 2268 posteriores
633 2203 688 2248 nou
702 2189 805 2248 habent
816 2189 954 2248 diversam
1075 2189 1078 2198 '

33 2267 125 2346 iprion'
141 2267 363 2339 difficultatem
388 2273 412 2328 si
435 2273 509 2330 euim
526 2271 654 2332 Christus
668 2273 761 2350 potuit
772 2269 841 2350 pati,
862 2271 956 2350 potuit

34 2351 125 2408 umori
140 2363 173 2408 et
189 2349 324 2428 sepeliri:
350 2353 400 2410 sed
414 2355 489 2432 quod
514 2355 559 2412 die
579 2353 660 2412 tertii
673 2353 864 2422 resurrexerit,
888 2351 954 2411 arti-

33 2431 92 2490 rulus
105 2445 151 2492 est
167 2433 332 2504 distinctus,
347 2435 412 2510 quie
426 2436 576 2513 specialem
590 2435 676 2494 habet
689 2432 894 2493 difficultatem.

34 2593 111 2652 leo.
158 2594 227 2656 AN
248 2595 453 2660 ARTICULI
475 2597 590 2656 FIDEl
616 2549 825 2659 SUCCEllSU
850 2593 955 2656 TEM—

287 2677 408 2737 PORIS
424 2679 687 2739 CREVERINT?

236 2795 271 2858 S.
286 2797 387 2860 Tem.
404 2803 432 2860 ἵ.
447 2804 475 2860 2.
488 2811 587 2879 occet.
605 2804 631 2862 l.
644 2812 700 2862 art.
717 2806 743 2862 1.

33 2958 49 3016 l.
58 2959 185 3020 Articuli
200 2959 292 3020 Fidei
305 2982 434 3024 successe
447 2965 580 3042 temporis
593 2973 750 3024 creuerunt.
790 2962 831 3025 11.
850 2962 958 3035 le

56 3042 251 3100 mantiam
262 3043 355 3118 jueta
367 3045 490 3122 aliquos.
530 3045 586 3104 ΙΙΙ.
599 3046 694 3106 ,lueto
707 3046 781 3106 attor
794 3045 893 3121 quaoad
907 3061 954 3102 eot-

53 3124 242 3198 putationem
253 3125 373 3186 turrtrlm.
414 3127 468 3184 IV.
482 3125 593 3186 Neutro
604 3137 698 3186 torreo
711 3127 793 3186 modo
807 3135 877 3203 port
888 3135 954 3184 tem·

51 3225 131 3344 porpa
134 3203 360 3284 Apostolorum.
411 3208 447 3266 V.
480 3207 613 3274 Ecclesia
630 3218 725 3268 monet
745 3225 852 3285 suuper
875 3225 955 3284 coque

71 3307 100 3343 oc
132 3328 140 3345 .

57 3449 108 3506 AN
120 3459 154 3507 et
163 3448 293 3525 qualiter
303 3451 411 3510 articuli
423 3452 489 3516 fidei
500 3471 631 3514 successu
640 3451 773 3528 temporis
784 3451 953 3510 creverunt?

57 3527 75 3586 Ι.
89 3531 125 3588 R.
141 3531 271 3590 Certum
286 3543 337 3601 est,
353 3534 427 3609 quod
443 3533 565 3591 Articuli
579 3533 645 3590 fidei
659 3535 693 3590 ab
709 3534 801 3598 Adam
816 3533 954 3608 usquead

33 3621 136 3688 tempora
166 3612 379 3689 Apostolorum
402 3615 556 3676 creverint:
574 3613 670 3672 multa
691 3613 861 3686 euimsuot,
890 3631 955 3689 quae

34 3693 141 3765 explicite
153 3705 189 3751 et
206 3693 235 3750 in
252 3693 350 3771 majori
364 3717 480 3754 numero
489 3696 640 3756 creduntur
653 3696 706 3754 sub
716 3713 789 3752 nova
802 3693 873 3770 lege,
889 3714 915 3752 v.
924 3713 952 3770 g.

36 3769 112 3830 Christi
136 3775 317 3844 Incamatio,
345 3777 449 3846 Passio,
474 3776 664 3844 Resurrectio,
692 3776 879 3846 Sacrumeutc,
901 3775 954 3832 &a

23 3869 75 3924 pe
86 3875 143 3914 uon
159 3856 208 3916 ita
220 3857 408 3916 credebantur
421 3861 474 3916 sub
489 3858 576 3919 reteri
589 3857 677 3934 Lege.
