2230 4050
169 111 218 170 36Δ
515 139 519 148 ·
537 113 740 164 TEAGTA'I'US'

168 279 187 310 cr
558 265 565 280 ⁸
732 266 738 282 '
840 260 843 270 '
919 257 936 286 “’
1063 259 1076 283 ’·

168 361 187 390 “
198 266 689 432 iirlhrirleerririibdxlh’liddhaeturlnqriglih
700 259 1096 430 aliriirllitntihchlirnimqplliditlil,

168 433 340 496 ‘bacandum
354 430 430 508 quod
443 428 574 505 culpabat
587 428 781 488 haereticorum
796 430 953 489 InstantIa.”

208 517 245 576 V.
262 518 358 590 Atque
382 513 422 570 ita
441 509 525 587 juxta
548 511 699 569 Barouium
724 523 753 569 et
778 511 891 570 binium
901 529 979 571 auno
993 513 1104 574 Christi

169 601 239 658 ³25.
251 598 280 656 in
293 597 382 676 prium
397 592 513 671 Synodo
534 589 721 652 (Ecumenioa
736 591 861 662 Nicaena,
886 607 983 654 contra
997 597 1096 654 Arium

167 681 283 761 ejusque
296 676 427 738 Aureolus
437 674 581 732 conditum
591 686 636 732 est
649 675 815 752 Symbolum
830 676 988 744 Nicaenum,
1001 678 1034 736 in
1045 697 1098 754 quc

167 764 243 822 varia
256 762 331 821 circa
343 755 530 817 Divinitatem
544 754 649 815 Christi
663 754 828 834 explicatius
841 771 906 815 sunt
918 759 1019 835 posita.

208 843 260 902 VI.
271 842 355 903 Cuca
366 853 469 896 annum
480 837 549 893 381.
559 839 722 896 confectum·
729 849 773 896 est
784 837 949 916 Symbolum
962 839 1097 900 Constan-

167 924 392 1004 ricopolimum,
406 918 483 996 qued
495 917 524 974 in
537 917 629 977 Missa
641 920 791 978 recitatur:
804 919 834 977 in
848 936 882 979 ao
896 933 993 980 contra
1004 923 1098 980 Euno-

167 1009 275 1067 miunos
297 1018 326 1063 et
349 998 569 1060 Macedonianos
593 998 738 1060 haerotioos
762 1001 903 1061 Divinitas
927 1002 1050 1081 Splritirs
1072 1005 1098 1063 S.

167 1088 283 1167 ejusque
294 1105 329 1144 ex
342 1085 425 1143 Patre
432 1081 577 1161 ,processio
586 1081 686 1141 clarius
696 1083 877 1162 exprimitur:
889 1083 955 1143 huic
966 1085 1098 1162 Symbola

167 1183 266 1312 polqtclaa
289 1169 325 1226 ob
349 1185 437 1224 novos
461 1177 568 1221 encres
591 1176 760 1242 exurgentes
783 1165 878 1224 addita
901 1178 944 1225 est
965 1168 1099 1245 particula

103 1269 107 1280 ·
169 1259 188 1290 “
223 1253 271 1309 iio
291 1247 352 1308 ue.'’

209 1271 291 1392 VII.q
299 1329 482 1408 Symbolum:
507 1329 708 1406 “quicumque
731 1325 793 1386 vult
806 1327 899 1386 salvus
914 1329 1001 1400 esse‚”
1028 1331 1099 1408 quod

167 1413 305 1475 in'officio
315 1413 351 1471 de
366 1411 517 1470 Dominioa
527 1411 557 1468 iu
569 1410 664 1470 Prima
676 1409 787 1486 legitur,
802 1422 917 1468 vocatur
928 1411 958 1470 S.
974 1411 1098 1471 Athana·

167 1499 212 1568 sii
226 1499 261 1556 eb
275 1495 350 1572 qubd
364 1493 382 1552 d
397 1493 427 1552 S.
442 1491 598 1551 Athanasio
613 1491 769 1570 Espisoopc
785 1491 978 1551 Alexandrino
990 1497 1100 1552 conseo·

167 1592 228 1638 tum
243 1597 313 1646 esse,
330 1587 436 1634 veteres
450 1575 553 1651 passim
564 1571 752 1654 crediderint:
766 1573 892 1651 plerique
902 1585 997 1634 tanum
1007 1575 1099 1656 junio·

166 1681 212 1720 res
226 1659 317 1718 crltlci
329 1655 400 1714 illud
416 1655 445 1714 S.
461 1655 616 1714 Athanasio
629 1653 798 1731 abjudicant.

208 1741 293 1800 VIII.
307 1739 479 1808 Notandum,
494 1757 558 1795 cum
575 1737 605 1795 S.
622 1735 725 1794 Thom.
739 1747 837 1812 quast.
856 1737 881 1795 I.
895 1749 947 1796 art.
965 1739 1014 1798 10.
1029 1739 1099 1816 qubd

167 1823 204 1882 ad
214 1822 304 1881 solum
318 1820 464 1879 Summum
476 1819 643 1877 Pontificem
652 1829 763 1895 spectet
773 1835 846 1876 nora
855 1818 942 1878 editIo
954 1819 1098 1898 Symboli:

167 1925 200 1964 ac
214 1903 341 1982 proinde,
362 1901 437 1976 quod
453 1899 618 1978 Symbolum
635 1899 664 1958 S.
681 1899 836 1957 Athanasio
849 1900 1033 1980 adscriptum,
1048 1922 1099 1960 non

167 1986 256 2064 possit
278 1984 333 2043 dici
350 1983 522 2060 Symbolum,
548 1982 684 2057 quaternis
702 1982 737 2038 ab
751 1981 812 2059 ipso
824 1984 1033 2059 ¹compositum,
1054 1984 1105 2043 sed*

167 2068 304 2144 quatenus
318 2063 486 2123 authoritate
502 2063 610 2122 Summi
626 2062 772 2121 Pontificio
786 2075 1005 2142 est-receptum:
1028 2067 1104 2134 unde

169 2149 200 2209 S.
215 2148 271 2207 Th.
285 2148 339 2205 loo.
357 2147 454 2204 cited
468 2147 496 2202 3.
519 2151 537 2178 ‘⁴
549 2145 708 2213 dicendum,
724 2145 798 2219 qubrl
814 2144 843 2203 S.
859 2145 1033 2206 Athanasius
1047 2153 1104 2206 non*

168 2238 186 2266 “
198 2229 356 2307 composuit
367 2226 617 2284 manifestationem
627 2227 695 2287 fidei
705 2245 756 2302 per
766 2227 881 2283 modum
892 2227 1039 2306 Symboli3
1053 2230 1099 2287 scd

168 2311 287 2388 “magis
301 2329 351 2388 per
366 2310 479 2366 modum
504 2306 648 2384 cujusdam
664 2306 819 2376 Doctrinae,
843 2319 876 2365 ut
889 2329 925 2368 ox
941 2309 1002 2388 ipso
1019 2312 1103 2370 modo

169 2391 330 2471 “loquendi
345 2403 478 2468 apparet:
500 2391 551 2446 sed
566 2389 640 2464 quia,
654 2389 790 2464 integram
804 2389 871 2446 fidei
884 2391 1032 2450 veritatem
1044 2392 1099 2468 ejus

170 2481 187 2510 ‘⁴
199 2473 325 2534 doctrina
335 2472 456 2530 breviter
470 2471 639 2538 continebat,
654 2468 821 2528 authoritate
832 2469 941 2532 Summi
956 2473 1102 2534 Pontificio

170 2563 188 2592 “
199 2569 242 2615 est
255 2565 377 2632 recepta,
391 2565 424 2610 ut
437 2552 516 2628 quasi
531 2551 627 2628 regula
640 2551 706 2610 fidei
720 2551 881 2610 habeatur.”

251 2716 288 2776 n.
303 2719 353 2776 25.
392 2715 450 2774 un
473 2713 671 2773 sunnone
694 2687 1022 2778 nrosrouonum.

170 2883 193 2942 t
218 2878 393 2959 Symbolum,
410 2877 624 2957 Apostolorum.
667 2875 706 2934 II.
731 2877 792 2936 Cur
814 2877 857 2936 r'tu
880 2890 1003 2939 vocetur.
1047 2881 1099 2941 ΙΙΙ.

214 2961 303 3024 Debet
324 2961 469 3037 rcitijrtre
482 2962 591 3018 dicimo.
633 2957 685 3016 lv.
712 2958 819 3029 Quoad
839 2958 1030 3022 scortantium
1052 2962 1099 3023 aud

87 3091 90 3104 .
210 3043 334 3104 moreat.
375 3041 411 3100 V.
432 3041 525 3100 Debet
545 3042 632 3098 etiam
657 3040 726 3096 aciat'
748 3038 920 3100 calceata.
964 3045 1017 3104 VI.
1046 3045 1098 3103 Sed

206 3147 261 3206 per
274 3145 303 3184 re
316 3123 427 3182 tontum
440 3123 492 3183 cub
502 3122 616 3181 veniali.
658 3121 726 3181 VII.
741 3123 896 3182 Diuiditur
908 3126 940 3184 ἐπ
954 3127 1098 3186 duodecem

211 3368 428 3435 QUODNAM
443 3379 486 3427 est
502 3368 666 3446 Symbolum
690 3368 914 3446 Apostolorum?
1095 3425 1096 3436 ,

211 3452 237 3510 Ι.
252 3451 289 3510 R.
303 3451 445 3517 Estillud‚
462 3451 537 3525 quod
550 3469 626 3527 saepe
636 3450 665 3506 in
681 3450 768 3508 Horis
783 3453 853 3521 Can,
867 3451 979 3529 legitur,
995 3439 1096 3514 scilieal

171 3539 190 3650 I:
201 3533 295 3594 Credo
309 3532 337 3588 in
348 3531 447 3668 2{epm
465 3531 577 3588 Patrem
597 3532 826 3610 omnipotentem,
851 3533 1015 3628 Creatorem
1040 3531 1095 3600 coell

200 3625 399 3760 egqqrrqtqssuq.
408 3703 523 3750 vocatur
537 3693 702 3769 Symbolum
720 3695 945 3774 Apostolorum?

211 3775 251 3833 II.
267 3774 304 3832 R.
318 3773 392 3832 Tum
408 3773 472 3848 quia
486 3775 611 3831 continet
624 3774 778 3834 doctrinam
797 3789 826 3835 et
840 3778 971 3836 articulos
986 3781 1022 3839 ab
1036 3737 1094 3870 ipsV

172 3855 320 3934 Apostolis
333 3854 510 3934 predicatus,
531 3865 591 3913 tum
607 3857 690 3916 etlam
706 3859 771 3934 quia
784 3859 819 3918 ab
834 3859 991 3938 Apostolis,
1012 3864 1093 4013 priuq
