2224 4050
333 123 375 164 nu
397 121 602 166 viarurraus.
892 105 932 164 ’13

61 267 97 326 11.
109 269 151 326 Ad
159 267 227 328 hacc
237 269 420 344 portionem
433 265 570 344 'l’heologi
579 277 642 328 cum
656 267 686 327 S.
696 267 798 328 Τιιοιιι.
809 286 934 328 commu·

27 348 90 408 niter
101 351 267 428 respondent,
281 351 358 426 quid
372 350 541 426 quicumque
554 369 618 407 cum
633 349 784 426 pertinacia
800 349 936 410 discredit

27 451 102 488 unum
115 433 174 490 fidei
186 432 343 498 articulum,
357 449 422 494 non
428 429 528 494 tabem
540 444 635 492 artum
652 431 719 490 fidei
733 451 786 490 nac
806 429 935 490 luditum

26 513 89 570 circa
101 513 214 588 reliquos
228 513 369 574 articulos.

57 594 110 654 111.
129 595 279 654 Probatur.
310 594 446 670 imprimis
470 613 527 652 noa
555 605 648 670 potest
677 593 706 652 iu
732 595 794 672 ipso
821 613 937 654 manera

26 675 121 733 habitus
140 677 221 734 fidei·
241 677 308 770 quia
332 675 379 736 hie
400 676 565 752 deperditur
583 695 633 752 per
653 689 800 752 peccatum
821 673 938 736 heresis

25 758 78 814 fidei
92 759 191 820 duecte
203 758 373 834 oppositum,
388 769 419 815 ut
433 755 604 822 docetTrid.
621 757 695 816 Sese.
705 759 733 818 6,
747 777 808 834 cap.
826 758 871 816 15.
885 756 936 818 ubi

24 840 80 896 dicit
102 841 183 898 fidem
196 859 246 916 par
259 839 452 898 infidelitatem
466 838 576 898 amitti·
569 837 644 938 ,jam
656 837 874 900 auternhaeresis
892 851 938 918 cst

24 921 173 980 infidelitas:
194 941 269 997 ergo,
284 922 336 980 ue.

53 1003 101 1062 IV.
122 1003 220 1078 Neque
245 1001 446 1068 arianismi
469 1000 529 1062 dari
552 1013 646 1078 potest
666 1013 746 1080 actus
767 1003 850 1062 ficei:
872 968 941 1079 quia

23 1083 100 1160 rejicit
112 1083 251 1161 objectum
265 1083 381 1141 formale
395 1083 506 1154 fidei,
484 1103 544 1143 stne
558 1104 613 1166 quo
628 1096 706 1144 actus
720 1084 805 1144 fidei.-
802 1103 941 1164 exercerc¹

24 1187 48 1224 ne
65 1167 112 1223 ιιι.
214 1185 216 1193 ’

50 1187 130 1312 irunt
144 1259 239 1304 antem
254 1247 311 1306 tale
325 1244 464 1322 objectum
476 1247 591 1304 formale
602 1247 668 1306 fidei
682 1246 801 1326 abjiciat,
813 1259 891 1326 patet
901 1267 939 1312 aa

22 1351 54 1397 so,
67 1329 140 1405 quid
160 1329 249 1388 unica
262 1343 291 1388 at
313 1327 489 1388 indivisibilis
511 1329 582 1388 ratio
604 1329 728 1388 formalis
746 1331 880 1389 credendi
900 1331 939 1387 sit

23 1413 95 1486 prima
108 1411 219 1479 veritas,
236 1411 319 1487 prout
333 1409 525 1468 manifestatur
538 1429 588 1487 per
602 1411 777 1470 Ecclesiam:
791 1412 869 1487 atqui
882 1411 939 1490 pri·

22 1513 56 1549 ma
73 1493 176 1550 veritas
203 1492 348 1567 aequaliter
376 1505 418 1548 est
439 1491 578 1568 applicata
599 1493 728 1550 omuibus
755 1493 889 1561 articulis,
909 1504 941 1552 et

21 1574 149 1649 aqualiter
173 1573 215 1630 illi
237 1574 271 1632 ab
287 1572 416 1630 Ecclesia
434 1585 645 1649 proponuntur:
666 1595 733 1650 ergo
754 1575 803 1650 qui
816 1575 940 1652 pertina-

21 1657 75 1714 citer
87 1655 226 1713 discredit
246 1675 335 1716 unum
349 1653 507 1724 articulum,
532 1657 707 1716 convincitur
730 1675 786 1714 uon
805 1656 940 1716 assentire

21 1737 114 1812 reliquis
140 1738 180 1794 ob
195 1736 333 1793 motivum
357 1737 472 1792 formale
486 1736 563 1804 fidei,
585 1738 634 1794 sed
649 1739 684 1795 ob
705 1738 811 1815 proprii
826 1738 942 1796 'cerebri

20 1818 224 1894 persuasionem,
240 1817 335 1892 sicque
348 1817 458 1874 uallum
473 1817 622 1876 articulum
636 1819 725 1880 credit
747 1820 803 1881 tide
827 1819 940 1878 divini·

21 1902 80 1958 Hine
93 1900 167 1958 dicit
183 1900 213 1958 S.
227 1901 302 1975 Aug.
318 1899 435 1974 “quiin
451 1899 623 1994 Evangelio&
629 1902 704 1976 quod
719 1901 803 1960 vultis
817 1901 944 1968 creditis,

20 1983 107 2057 quod
122 1981 197 2040 uult
177 1995 214 2040 trs
239 2001 296 2042 ιιοιι
317 1979 439 2050 creditis,
462 1981 541 2038 vobis
565 1982 658 2058 petiis
680 1980 764 2058 quam
785 1981 943 2058 Evangelio

19 2063 180 2121 “creditis.”

47 2144 107 2221 Obj.
123 2145 149 2202 1.
174 2141 333 2203 Calvinista
346 2143 479 2202 discredit
492 2143 640 2202 articulum
654 2145 690 2202 de
703 2145 773 2204 reali
792 2146 942 2222 praesentia

19 2225 104 2284 Christi
118 2227 151 2284 in
168 2224 369 2290 Eucharistia;
389 2225 467 2300 atqui
481 2238 575 2284 tamen
598 2226 687 2285 credit
703 2227 873 2304 Mysterium
889 2227 942 2286 88.

19 2307 149 2365 Trinitatis
165 2308 226 2364 fide
241 2306 352 2362 divina:
374 2325 450 2382 ergo,
465 2307 516 2365 duc.

47 2390 78 2446 R.
91 2389 240 2472 Negando
255 2388 410 2445 minorem
424 2385 673 2465 acceptatquidem
686 2387 830 2448 veritatem
841 2389 940 2466 ipsam,

18 2472 52 2526 red
73 2491 129 2528 uon
145 2491 201 2547 per
225 2489 369 2526 assensum
385 2467 633 2544 supernaturalem
659 2471 708 2527 sed
723 2490 773 2548 per
797 2491 942 2531 assensum

18 2549 164 2620 humanum,
196 2571 225 2608 v.
254 2571 283 2627 g.
310 2569 360 2626 per
386 2551 470 2608 fidem
495 2549 653 2618 humanam,
678 2551 723 2608 vel
746 2571 796 2645 por
816 2549 942 2612 habitum

17 2635 180 2708 uquisitum,
199 2632 245 2689 vel
261 2652 295 2688 ex
311 2631 463 2708 pertinacia
475 2632 637 2699 voluntatis,
658 2633 703 2692 rel
718 2634 803 2694 etiam
828 2635 863 2692 cb
885 2633 942 2694 ιιι-ι
1029 2643 1030 2646 ’

18 2715 120 2772 dentiam
147 2715 309 2790 signorum,
333 2733 390 2770 non
411 2726 505 2772 autem
520 2715 556 2774 ub
578 2714 714 2772 motivum
735 2715 850 2773 formale
865 2715 943 2782 fidei.

18 2797 58 2852 ιιι
79 2799 115 2853 ob
136 2797 267 2872 primam
292 2794 457 2852 veritatem:
478 2793 591 2860 sienim
615 2796 703 2872 prima
725 2797 826 2859 veritae
850 2797 943 2874 ipsum

18 2893 122 2935 uoueret
136 2879 177 2935 ad
207 2877 379 2933 credendum
395 2897 481 2932 unum
506 2876 663 2944 articulum,
683 2879 809 2936 crederet
829 2883 950 2954 propter?

17 2960 113 3015 eandem
130 2979 249 3026 omnes,
273 2959 337 3015 cium
357 2957 447 3034 prima
468 2959 569 3016 raritas
591 2959 626 3015 ad
651 2959 821 3020 credendum
845 2978 942 3016 omnes

17 3041 144 3113 equaliter
167 3051 295 3096 moveat.

43 3122 182 3178 instabis:
211 3121 279 3178 licet
293 3119 383 3198 prima
404 3120 506 3178 veritas
521 3119 618 3178 eodem
645 3123 731 3181 modo
755 3141 785 3178 ss
810 3119 944 3194 habeata

16 3217 71 3274 purte
85 3224 129 3260 rer
119 3204 184 3261 'ad
203 3223 305 3268 omnes
325 3202 392 3276 fidei
407 3201 548 3270 articulos,
565 3221 621 3272 non
636 3217 730 3272 tamen
744 3203 844 3260 eodem
858 3205 943 3264 modo

16 3285 123 3342 cunibus
151 3297 280 3380 apparet
304 3271 462 3360 applicata:
483 3303 547 3340 nam
575 3284 687 3360 quidam
717 3284 827 3342 articuli
848 3289 944 3362 aperta

16 3367 182 3423 continentur·
208 3367 238 3422 in
260 3365 404 3444 Scriptura
428 3364 522 3432 Sacra,
544 3384 600 3422 ιιοιι
624 3366 665 3423 sic
689 3365 756 3424 alii:
778 3386 845 3442 ergo
867 3367 945 3424 salvi

16 3446 173 3520 subjectione
191 3449 231 3506 ad
245 3447 364 3523 primam
380 3447 525 3510 ueritatem
539 3457 632 3524 potest
646 3447 707 3523 quis
729 3448 842 3506 credere
857 3467 945 3506 unum

16 3527 144 3586 miculam
160 3549 227 3586 non
243 3529 341 3600 alium.

40 3609 70 3668 R.
86 3611 245 3687 Negando
259 3621 453 3686 assumptum:
468 3629 532 3668 nam
544 3609 616 3670 sieut
630 3609 719 3686 prima
729 3609 829 3668 veritas
844 3609 944 3666 ecdem

17 3691 76 3746 nodo
89 3712 123 3748 ee
150 3689 275 3750 babet
264 3711 281 3748 a
294 3705 373 3768 parta
398 3711 439 3748 ιιι
431 3691 489 3748 ad
503 3711 599 3750 omues
614 3691 753 3758 articulos,
777 3691 816 3748 ita
817 3701 945 3783 'apparet

18 3767 56 3840 dus
67 3771 235 3849 applicatio
249 3773 286 3829 ad
301 3791 398 3831 omues
412 3774 512 3831 eodem
526 3773 628 3830 modo.
643 3773 765 3830 medium
780 3770 855 3828 euim
869 3770 944 3825 ordi

16 3852 317 3929 tsrumcognosceudi
326 3853 444 3928 primam
454 3854 599 3914 veritatem
611 3853 776 3930 applicatam
787 3869 848 3908 esse
861 3849 943 3912 alicui

50 3931 154 3993 Trcct.
158 3937 204 3994 de
225 3933 393 3995 Virtutibus.
516 3952 539 3992 ιι
