2240 4060
137 195 201 256 tat
523 213 709 260 rnaormcr

145 367 151 378 .
175 315 199 376 l.
213 315 253 378 R.
264 315 327 376 Rea
348 314 433 378 cneio
443 315 753 400 negativarumquoad
760 319 886 398 gritiam
898 315 1107 389 habitualem?

162 397 229 457 uim
242 406 291 456 act
340 414 397 466 em,
411 397 675 470 utcmuiuocerta,
689 399 882 460 auttahenda.
915 399 977 459 Ect
991 409 1092 457 contra

141 419 330 553 lelegiauoc,
345 473 395 553 q'ui
404 475 542 536 dicebant
551 476 699 538 homiuem
711 471 798 557 poree
809 478 879 538 rolir
889 477 1009 538 viribus
1020 475 1093 534 arhi-

141 554 193 614 trii
203 555 367 632 promereri
376 556 502 632 gratiam
518 555 714 617 habitualem:
727 557 799 617 item
813 569 917 616 contra
929 553 1092 634 semipela-

140 635 244 712 gianos
254 635 303 712 qui
315 633 494 704 aarerebant,
505 634 747 714 homiuempoaee
756 637 792 696 ed
801 635 1093 715 gratiamperveuirc

140 733 194 791 per
204 711 368 772 naturalem
378 713 548 775 facultatem
558 716 696 793 petendo,
708 715 913 788 desiderando,
927 718 984 776 &a
995 713 1093 794 aioquc

139 789 337 852 admittebant
348 791 376 850 iu
389 791 508 852 homine
519 793 638 874 aliquod
649 791 753 874 gratiae
766 783 893 855 initium.
979 865 982 872 .
1007 793 1013 798 ’

147 895 152 902 ·
182 869 332 930 Probatur
352 872 500 931 conclusio
518 891 557 930 ex
573 872 726 952 Scriptura
741 873 847 934 Sacra:
868 874 941 934 dicit
956 869 1091 933 Christus

141 949 267 1012 Jcannia
280 969 344 1028 cap.
353 953 383 1009 6.
395 971 422 1009 v.
430 954 479 1009 66.
519 951 645 1011 “Nemo
665 963 767 1032 puteat
784 954 886 1012 venire
900 953 937 1012 ad
953 971 1015 1022 me,
1041 951 1093 1009 nisi

141 1039 160 1067 ⁴‘
169 1029 260 1088 fuerit
274 1029 301 1088 ei
316 1029 417 1089 datum
432 1031 450 1089 h
465 1030 555 1090 Patra
568 1051 635 1090 meo
647 1031 672 1091 :⁹¹
686 1033 767 1111 atqui
783 1033 833 1112 qui
847 1052 880 1092 ee
893 1039 1050 1114 praeparat
1061 1031 1093 1090 ad

140 1108 277 1186 gratiam,
291 1109 395 1186 incipit
409 1109 510 1169 venire
519 1109 720 1190 'ad'gratiamr
735 1129 809 1190 ergo
822 1131 880 1171 aon
896 1120 999 1190 potest
1011 1127 1045 1170 re
1055 1109 1093 1168 ita

141 1187 498 1266 prepararanirifuerit
511 1189 539 1247 ei
553 1189 697 1250 divinitate
711 1189 823 1250 datum.

182 1265 266 1326 Idem
280 1265 407 1346 probant
422 1277 522 1327 textus
539 1271 563 1326 l.
577 1268 615 1328 ad
630 1269 699 1329 (lor.
713 1289 776 1348 cap.
786 1272 815 1328 h.
831 1289 860 1329 r.
869 1273 897 1328 7.
938 1277 958 1308 “
971 1267 1051 1343 Quia
1064 1277 1092 1330 te

140 1355 159 1384 “
170 1345 336 1416 diccemit?
351 1345 422 1426 quid
433 1345 522 1407 haber
532 1347 610 1427 quod
621 1367 680 1408 uon
691 1349 831 1428 accepisti
840 1349 873 1410 ?’'
887 1359 919 1408 et
931 1351 962 1408 2.
972 1348 1013 1407 ad
1026 1347 1091 1407 (ior.

141 1444 205 1504 cap.
214 1427 242 1483 3.
256 1444 285 1484 ι.
297 1428 326 1484 5.
366 1435 384 1464 “
397 1425 467 1485 Noa
488 1446 589 1487 sumus
609 1428 787 1489 sufficienter
801 1427 933 1506 cogitare
947 1425 1062 1506 aliquid
1075 1429 1091 1488 i

141 1503 269 1576 “tiabit
305 1503 544 1565 uaaiexnobia.”
754 1515 755 1519 ’

143 1629 162 1676 '.
181 1583 262 1644 Hinc
276 1525 360 1678 llll·
376 1585 496 1664 Serae.
518 1606 543 1647 c.
558 1589 577 1644 5
591 1586 617 1645 tr
631 1589 659 1646 6.
672 1605 729 1666 pro
749 1587 945 1666 dispositione
967 1585 1009 1646 ad
1026 1605 1090 1665 gra·

140 1673 211 1724 tram
226 1674 352 1742 requirit
365 1673 478 1724 motum
491 1665 701 1742 praevenientis
713 1667 828 1746 gratia.

182 1740 331 1802 Probatur
339 1741 427 1802 etiam
437 1745 455 1803 h
466 1745 594 1804 ratione:
608 1746 704 1805 ouinia
714 1745 870 1825 dirpoeitio
880 1743 972 1805 debet
982 1743 1091 1805 habere

141 1820 268 1900 aliquam
281 1823 504 1902 proportionem
518 1840 584 1886 cum
597 1825 702 1896 forma,
721 1825 758 1884 ad
772 1845 860 1906 quam
873 1826 1029 1904 disponit3
1049 1834 1091 1884 at·

141 1901 288 1980 qui'actue
301 1902 450 1963 naturales
463 1903 577 1964 unllam
587 1903 697 1964 hahent
710 1907 938 1984 proportionem·
946 1923 1092 1983 cnm-gra·

141 1982 184 2042 tit
194 2002 202 2040 ε
213 1991 290 2060 'ergo
303 2001 362 2040 non
376 1994 500 2060 possunt
512 1983 551 2043 ad
565 2003 630 2044 eam
643 1981 811 2062 disponere.

183 2059 253 2140 obj.
265 2061 289 2120 Ι.
304 2060 451 2123 Zacharia
461 2081 524 2142 cap.
536 2065 561 2121 l.
574 2083 603 2122 r.
611 2065 639 2124 8.
650 2063 724 2123 dicit
732 2064 830 2125 Deus:
842 2073 861 2102 “
873 2060 1089 2126 Convertimini

142 2139 180 2200 ad
194 2159 252 2210 me,
266 2151 297 2200 at
311 2151 467 2226 convertar
480 2143 582 2221 advos
593 2143 618 2202 :”
632 2163 704 2223 ergo
715 2153 815 2224 potest
825 2143 956 2204 aehomo
967 2163 1090 2204 couver-

141 2229 205 2278 tere
219 2218 257 2278 ad
271 2219 370 2295 Deum
384 2231 453 2281 ante
465 2223 602 2301 gratiam.
654 2265 657 2275 .
810 2229 812 2234 '

181 2297 219 2360 R.
233 2299 322 2378 Nego
336 2321 455 2380 oouuq.
465 2302 535 2380 quia
545 2303 577 2358 in
590 2302 637 2359 hia
648 2310 680 2360 et
690 2303 834 2360 tinnitibus
842 2303 917 2359 iouia
927 2300 1091 2378 Scriptura

143 2377 240 2438 Sacra
251 2377 368 2440 tuatim
383 2379 605 2440 commendatur
614 2379 784 2458 cooperatio
790 2378 879 2439 liberi
892 2378 1011 2440 arbitrii
1024 2399 1089 2440 curn

140 2458 239 2535 gratia
257 2458 467 2538 preveniente,
491 2458 575 2539 cujus
594 2461 753 2518 necersi-tes
768 2459 815 2518 bic
832 2477 891 2518 non
912 2457 1090 2532 excluditur,

141 2539 184 2596 iu
199 2548 231 2598 ut
243 2557 347 2598 senene
359 2537 419 2598 ait:
440 2539 673 2598 “convertimini
686 2538 725 2598 ad
738 2539 802 2598 me”
816 2537 1005 2618 cooperando
1023 2557 1089 2617 gru·

140 2617 201 2675 tiae.
241 2617 317 2676 Haeo
337 2617 440 2695 gratia
462 2618 671 2696 praevenientis
690 2617 850 2678 notescitur
864 2618 1046 2696 exprimitur
1058 2618 1088 2676 in

141 2695 231 2779 pariit
244 2694 407 2774 Scriptura
422 2697 516 2769 locis,¹
526 2708 559 2758 ut
573 2698 719 2758 Thranor.
734 2715 797 2776 cap.
806 2701 836 2757 5.
849 2716 877 2756 ι.
887 2699 936 2756 21.
976 2707 996 2736 “
1011 2699 1088 2758 con·

142 2785 160 2814 “
176 2785 336 2842 verteme,
353 2775 492 2848 Domine,
505 2778 543 2837 ad
556 2785 596 2848 te,
611 2787 641 2836 et
655 2776 887 2836 convertemur.”

148 2888 151 2898 ·
175 2853 254 2934 ‘otj.
267 2854 309 2914 ΙΙ.
330 2855 420 2914 Prov.
431 2875 494 2935 cap.
509 2855 554 2914 1'6.
567 2875 595 2914 ι.
607 2858 633 2915 l.
646 2853 773 2916 dicitur:
787 2865 805 2894 ‘⁶
818 2856 958 2914 Homiuir
968 2867 1017 2916 eat
1026 2857 1087 2915 ani·

141 2945 160 2974 “
173 2955 252 2994 mam
266 2953 442 3013 preparare,
457 2946 487 2994 et
501 2935 622 2997 Domini
636 2934 803 3014 gubernare
815 2935 947 3013 linguam
958 2934 983 2994 :'‘
1006 2951 1087 3012 ergo,
1110 2981 1111 2984 η

141 3024 174 3074 ut
188 3013 328 3074 aubaistat
347 3013 511 3085 antithesis,
523 3013 624 3075 debet
644 3013 781 3094 intelligi,
804 3014 932 3074 hominis
945 3033 1012 3074 erac
1026 3015 1088 3074 eine

140 3095 238 3172 gratia
251 3112 416 3174 praeparare
430 3097 566 3153 auimam.
878 3111 882 3123 ·

181 3173 220 3234 R.
233 3173 322 3252 Nego
334 3193 451 3252 conreq.
462 3193 528 3234 nam
542 3171 697 3234 antithesis
708 3171 842 3238 eubriatit
854 3173 885 3232 in
899 3192 948 3243 eo¹
960 3173 1042 3252 qudd
1051 3171 1088 3231 ad

141 3251 320 3330 locutionem
334 3273 385 3312 reu
400 3256 605 3314 executionem
617 3251 787 3334 requiratur
800 3252 956 3333 peculiaris
970 3253 1032 3312 Dei
1046 3251 1088 3311 di·

140 3331 245 3403 rectio,
267 3343 300 3391 ut
322 3331 397 3390 bene
419 3333 566 3404 ruccedat,
593 3343 624 3392 et
646 3344 680 3393 ut
700 3352 729 3392 v.
742 3351 772 3410 g.
792 3333 928 3412 princepe
952 3332 1087 3392 oratione

138 3419 303 3480 moveatur,
317 3420 407 3488 atque
421 3412 463 3469 ita
476 3427 533 3469 non
548 3403 672 3472 sufficiat
685 3411 811 3470 animam
822 3420 860 3471 e'x
868 3411 1086 3490 gratiaprapa·

87 3553 91 3560 ¹
140 3506 225 3546 rare:
239 3486 316 3548 uude
330 3487 445 3547 tannim
455 3487 652 3566 significatur,¹
661 3501 800 3552 arentum
810 3489 960 3551 actionum
969 3499 1085 3550 noctra-

141 3585 206 3624 rurn
221 3567 239 3625 h
252 3565 315 3626 rolo
325 3567 392 3626 Deo
407 3566 545 3644 pendere,
555 3567 708 3644 juxtahoo
717 3570 857 3650 vulgare:
878 3579 897 3608 ‘⁸
909 3569 1087 3649 Homopro·

139 3653 158 3681 ‘¹
172 3645 265 3721 ponit,
281 3645 365 3706 Deua
378 3643 534 3722 disponit.’'

62 3785 67 3800 .
182 3720 252 3800 Obj.
267 3721 327 3784 111.
349 3723 438 3784 Oeno.
452 3719 536 3782 Trid.
551 3721 629 3784 Seue.
643 3727 670 3784 6.
688 3746 751 3806 cap.
765 3731 794 3788 7.
811 3727 894 3794 dicit.
935 3737 955 3770 “
970 3727 1085 3790 Unum·
