2216 4056
168 92 225 151 106
535 107 727 153 rascrsrns

166 251 296 313 Ecclesia
308 255 467 332 approbata,
481 253 541 314 sine
555 254 635 334 cujus
648 253 847 334 approbatione
861 271 898 312 ne
916 251 982 331 ipsi
999 251 1101 329 quide

166 335 314 411 originales
328 337 448 410 codices,
463 336 539 396 illam
554 338 647 413 quoad
670 357 722 396 nos
742 335 945 395 authoritatem
974 333 1108 392 babere

162 414 246 493 juxta
259 416 329 476 illud
344 417 374 477 S.
389 421 465 496 Aug.
480 425 499 454 “
511 417 667 496 Evangelio
679 439 737 478 non
750 419 902 488 crederem,
913 415 980 474 nisi
996 435 1056 475 me

167 504 187 532 ‘⁶
200 498 294 557 clesiae
307 511 432 558 moveret
445 497 625 559 authoritas.''

206 580 284 638 Inter
298 581 386 639 varias
400 581 553 660 Scripturae
568 582 662 641 Sacrae
675 581 813 640 editiones
834 591 891 640 tres
905 591 981 638 snnt
1015 578 1108 637 soie

134 709 141 718 .
165 681 216 719 nes
227 683 235 720 ι
250 679 306 720 una
319 675 362 720 est
375 664 392 720 b
405 675 486 722 textu
497 664 650 733 Hebraico,
661 681 718 740 quo
731 663 795 721 libri
809 662 909 720 vetaris
921 659 1105 720 Testamen

167 743 338 820 originaliter
345 755 411 802 sunt
419 745 587 824 conscripti:
599 747 722 804 secunda
729 755 773 802 est
783 744 885 804 Graeca
892 742 1066 801 translatio
1098 768 1105 792 ·.

165 825 258 883 versio
273 827 320 882 72.
346 825 531 904 interpretum
544 827 677 886 trecentis
696 826 848 886 serenante
871 833 940 882 ante
955 823 1108 883 Chr-istu

166 907 259 965 facta:
279 905 419 965 tertiaeet
434 908 524 966 versio
538 908 651 984 vulgata
664 908 759 978 latina,
781 927 845 984 quse
867 905 973 984 partim
1003 925 1085 964 cons
1093 932 1107 955 r:

167 1005 203 1045 ex
217 988 397 1048 translatione
411 991 485 1048 facta
498 989 515 1048 ti
529 990 559 1049 S.
574 987 761 1068 Hieronymo,
784 988 886 1067 partim
910 1007 950 1044 ex
975 988 1103 1046 versio

165 1069 288 1148 antiqua,
303 1069 406 1128 dictas
420 1073 450 1130 S.
465 1075 542 1150 Aug.
556 1071 637 1142 Itala,
651 1091 735 1149 quam
749 1069 767 1129 ti
787 1070 896 1139 mendis
911 1068 945 1127 S.
958 1068 1108 1128 Hieron

164 1169 228 1208 mus
242 1151 415 1229 expurgavit.

207 1233 320 1297 Quanta
333 1245 376 1291 est
389 1232 542 1293 authoritas
555 1233 677 1311 vulgata
691 1231 822 1293 editionis
835 1231 956 1291 latinae?

207 1312 263 1372 111.
287 1313 323 1373 R.
346 1314 461 1374 Summa
484 1329 528 1374 est
548 1328 579 1374 et
599 1315 770 1374 infallibilist
791 1314 857 1392 quia
871 1314 996 1372 decreto
1029 1313 1108 1374 Cro

121 1405 124 1412 ‘
167 1393 247 1453 Trid.
263 1396 337 1454 Sese.
351 1397 380 1454 4.
393 1408 600 1474 receptaestot
609 1398 769 1476 approbata,
780 1415 814 1455 ac
827 1393 972 1454 declarata
988 1394 1104 1453 anthr

167 1476 241 1546 tioa;
261 1495 295 1536 ac
309 1478 379 1536 adeb
394 1479 470 1554 qubd
483 1479 520 1537 sit
535 1489 612 1537 certa
624 1491 654 1538 et
667 1477 821 1536 infallibilis
842 1476 908 1536 fidei
932 1488 1059 1536 noem
1103 1504 1108 1525 ι

166 1559 242 1634 guia,
258 1559 332 1636 qubd
346 1559 374 1616 in
390 1579 424 1617 ea
436 1559 505 1618 nihil
519 1561 695 1620 contineatur
706 1561 773 1619 fidei
786 1571 836 1619 aut
855 1557 985 1618 moribus
1014 1559 1108 1618 adse

167 1659 240 1708 sum,
254 1659 307 1698 nec
320 1640 378 1698 ulla
391 1642 529 1700 sententia
542 1642 612 1700 falsa
622 1642 667 1701 vei
680 1661 804 1700 erronea.

209 1721 283 1781 Cum
297 1741 332 1780 eo
345 1733 439 1780 tamen
452 1723 588 1794 consistit,
602 1724 643 1782 ait
657 1723 808 1800 Bakentop
822 1732 852 1780 et
875 1719 933 1789 aiii,
958 1721 1063 1800 vulga
1071 1747 1087 1771 »ι
1103 1750 1106 1771 ι

166 1815 290 1860 nost-ram
315 1821 370 1861 non
394 1804 435 1862 ita
457 1805 587 1862 omnibus
610 1805 733 1864 numeris
756 1823 827 1863 esse·
840 1802 1021 1873 absolutam,
1052 1803 1103 1882 qu‘

167 1883 261 1960 aliqua
273 1885 303 1942 in
316 1903 350 1943 ea
363 1886 520 1962 potuissent
533 1885 875 1963 significantiris‘exprimi,
889 1885 1036 1961 quaedam
1065 1904 1082 1944 c
1101 1912 1103 1933 ι

167 1965 224 2024 ride
248 1967 399 2037 transferri,
427 1968 556 2046 quaedam
583 1968 696 2028 latinius
723 1969 803 2039 verti,
831 1967 963 2044 qondam
994 1966 1101 2026 recti·

167 2048 265 2107 ordine
280 2048 428 2107 collocari:
442 2050 549 2108 utiliter
560 2050 679 2127 proinde
691 2050 729 2108 ad
741 2061 850 2108 textum
866 2047 1061 2106 Hebraicum
1077 2065 1107 2118 vt

167 2129 302 2188 Graecum
312 2129 395 2210 (licet
404 2130 488 2189 etiam
501 2129 531 2188 hi
542 2131 651 2189 mendis
661 2132 720 2189 suis
729 2151 786 2189 non
794 2125 923 2206 careant)
932 2129 1107 2206 quandoqd

167 2211 272 2268 recurri
284 2231 369 2270 nemo
381 2213 538 2270 inficiaturr
560 2225 669 2270 attento
682 2212 812 2282 maxime,
826 2211 902 2288 quod
916 2211 1028 2270 Patres
1054 2197 1107 2352 Tr}

168 2292 277 2350 dentini
290 2293 430 2368 vulgatam
445 2313 501 2352 non
515 2293 684 2354 contulerint
709 2312 773 2352 cnm
798 2294 865 2372 ipsis
881 2292 1047 2352 Hebraicis
1072 2311 1090 2351 a

168 2373 277 2433 Graeois
291 2375 444 2444 codicibus,
459 2375 509 2434 sed
522 2377 632 2434 tantum
646 2395 711 2434 curn
725 2375 787 2434 aliis
800 2373 977 2433 versionibus
1003 2374 1106 2434 latinis

166 2455 241 2514 inter
254 2475 322 2532 quas
335 2456 412 2514 illam
426 2469 557 2533 tanquam
571 2455 761 2516 authenticam
775 2455 930 2514 habendam
956 2475 1040 2526 esse,
1070 2457 1106 2514 dd

167 2537 326 2596 claravbre:
346 2538 387 2596 ita
400 2551 519 2596 testatur
532 2539 662 2597 Andreas
675 2533 769 2614 Vega,
781 2537 944 2613 Theologus
958 2537 997 2605 in
1021 2539 1106 2600 Corrt

168 2613 248 2676 Trid.
262 2631 363 2677 testem
377 2619 520 2696 appellans
535 2619 705 2680 Marcellum
717 2620 895 2680 cardinalem
907 2617 1030 2677 Saaotae
1043 2607 1106 2680 cni

168 2700 219 2768 cis,
230 2699 369 2776 Legatum
385 2701 466 2760 Pauli
490 2701 545 2760 111.
560 2701 588 2759 iu
613 2701 713 2760 eodem
729 2702 820 2761 Cone.
842 2701 920 2759 idem
934 2699 1105 2778 Alpbonsu

169 2781 323 2850 Salmaron,
338 2782 386 2858 qui
401 2782 484 2840 etiam
500 2782 666 2840 Tridentino
680 2783 816 2854 interfuit,
830 2794 960 2840 testatur.

208 2863 262 2922 lv.
283 2863 411 2922 Tandem
435 2875 532 2922 contra
555 2861 710 2934 haereticos,
736 2865 823 2924 etad
839 2863 932 2922 Sacrae
948 2861 1105 2942 Scripturt

167 2945 390 3022 intelligentiam,
406 2945 522 3003 observa
539 2945 694 3022 sequentia.
1104 3007 1105 3040 ,

211 3029 258 3085 1⁰.
281 3027 425 3104 Scriptura
440 3025 525 3086 Sacra
547 3029 628 3084 nobis
652 3025 813 3086 authentica
835 3045 893 3086 nou
907 3035 961 3096 ast,
986 3025 1050 3084 nisi
1066 3046 1104 3104 pe

167 3109 345 3168 traditionem
360 3122 391 3167 et
405 3107 560 3166 doctrinam
576 3107 723 3167 Ecclesiae.

210 3193 257 3248 2⁰.
279 3191 424 3267 Scriptura
446 3188 531 3248 Sacra
543 3210 579 3248 eo
593 3209 678 3249 sensu
699 3188 864 3267 accipienda
887 3200 939 3258 est,
963 3205 1027 3266 quo
1049 3209 1104 3248 ean

168 3271 270 3348 accipit
285 3271 422 3330 Ecclesia.
1103 3341 1104 3348 ἵ

210 3355 259 3412 3⁰.
281 3353 438 3430 Legitimos
454 3349 606 3430 scriptura
626 3371 725 3411 sensus
748 3351 830 3410 nobis
850 3371 902 3430 per
922 3348 1104 3410 traditionet

168 3435 328 3492 innotescit.

209 3517 259 3572 4⁰.
281 3514 325 3572 Ex
338 3513 391 3572 bao
404 3515 501 3592 regula
513 3514 650 3590 seqnitur,
661 3515 737 3592 qubd
748 3535 830 3574 verns
843 3501 1103 3592 Scripturasaensu

169 3596 187 3654 is
207 3595 260 3654 SS.
275 3595 389 3652 Petrum
404 3596 531 3654 doctriua
551 3597 588 3654 sit
601 3596 790 3656 mutuandas:
805 3607 977 3674 quapropter
990 3597 1103 3654 obser-v:

170 3680 314 3736 decretum
327 3676 415 3734 Cone.
427 3677 453 3733 T
453 3677 505 3735 rid.
518 3677 591 3736 Sess.
600 3679 629 3736 4.
640 3696 697 3753 quo
706 3679 813 3744 statuit,
828 3687 860 3736 ut
869 3696 954 3735 nemo
970 3676 1001 3736 S.
1014 3677 1103 3755 Sorip

170 3769 262 3817 turam
278 3768 452 3815 contraeunt
466 3777 588 3831 sensum,
602 3777 685 3838 quem
700 3759 791 3818 tenuit
814 3769 845 3818 et
867 3769 945 3818 tenet
962 3757 992 3818 S·
1009 3757 1102 3818 Mate
