2226 4064
367 129 409 172 os
430 129 576 202 cccmus
881 115 942 174 ’283

59 275 212 338 Secundum
227 274 257 332 in
271 273 405 335 'l’ractatu
427 280 445 310 “
456 276 492 333 ds
508 274 649 335 Sacrificio
664 274 790 334 Missae.’'
813 275 942 334 Tertium

25 366 48 422 in
60 361 149 420 Tract.
171 359 246 416 “lis
261 357 486 433 Temperantis,''
510 357 596 415 Num.
619 359 688 416 253.
712 372 740 416 et
754 359 943 432 sequentibus,

26 447 149 508 Quorum
164 439 193 496 in
208 438 343 498 Tractatu
357 444 375 472 “
387 440 422 495 de
439 433 619 498 sacramento
631 439 832 508 Paenitentia?
857 439 943 497 Num.

26 528 65 584 64.
78 535 105 580 et
119 521 311 596 sequentibus.
352 520 519 584 Quintum·
512 541 541 578 m
556 521 650 578 Tinct.
672 523 736 578 “de
763 521 944 602 sacramento

26 615 40 641 “
52 600 257 664 Eucharistiael’

57 685 139 754 Nota,
153 683 215 742 haec
228 695 372 760 praecepta
386 703 441 740 non
463 703 524 740 esse
545 683 616 759 pure
638 683 856 750 Ecclesiastica3
877 703 941 741 nam

23 767 101 846 quoad
117 767 299 824 substantiam
314 777 483 842 praeceptam
498 765 642 822 continent
656 765 760 840 aliquid
770 765 943 840 J'uris'divini

23 867 47 910 et
57 847 197 913 naturalis
213 847 259 904 cui
275 846 404 904 Ecclesia
418 846 679 905 determinationem
694 849 827 924 temporis
849 867 944 922 super-

22 929 139 991 addidit:
168 941 196 986 et
220 928 260 986 ita
288 928 317 984 in
344 928 498 984 substantia
525 928 608 1004 primi
638 927 777 1004 Praecepti
756 928 944 986 tinvenitut

22 1011 126 1087 aliquid,
143 1010 217 1086 quod
240 1021 283 1066 est
300 1009 371 1090 juris
386 1009 473 1065 divini
496 1021 524 1066 et
544 1010 686 1078 naturalis,
706 1031 806 1086 nempe
831 1009 944 1104 aliquod

22 1111 124 1186 tempus
136 1091 243 1150 anobis
252 1087 376 1167 impendi
385 1091 487 1148 debere
496 1091 586 1148 cultui
596 1104 625 1148 et
634 1092 747 1190 seruitio
758 1093 863 1180 divino,
879 1091 944 1166 quia

20 1170 108 1234 taturi
126 1185 223 1230 sumus
244 1193 318 1235 servi
309 1172 400 1230 Dei.

56 1255 212 1314 Similiter
205 1275 234 1312 ιιι
247 1254 403 1312 substantia
417 1253 535 1314 secundi
558 1255 691 1330 praecepti
708 1253 780 1330 J'uris
804 1255 918 1312 divini
915 1267 968 1328 et⁸

20 1337 147 1398 naturalis
176 1351 228 1404 est,
258 1337 333 1411 qnod
360 1335 442 1394 Deus
469 1335 619 1430 uliqunndo
638 1335 808 1412 recognosci
841 1337 945 1394 debeat

21 1436 145 1514 tauquam
160 1418 281 1495 primum
295 1437 387 1474 retum
409 1418 533 1477 omnium
558 1417 741 1494 principium:
763 1437 826 1492 quae
848 1437 944 1502 recog

20 1502 81 1559 nitio
95 1500 205 1558 directe
219 1511 247 1557 et
261 1498 464 1576 perfectissime
479 1499 511 1556 lit
525 1518 576 1574 per
591 1499 763 1558 Sacrificium
778 1511 944 1558 exterznum

17 1583 182 1659 jocantem
197 1581 291 1642 divino
306 1600 390 1638 omne
402 1579 596 1638 Sacrificium
588 1600 616 1638 m
628 1600 700 1638 nova
710 1580 787 1656 Lege
801 1581 945 1638 redactum

21 1676 57 1722 est
69 1664 104 1722 ad
122 1662 294 1722 Sacrificium
311 1661 420 1719 Missae.

53 1745 85 1802 ln
100 1745 188 1802 tertio
201 1755 342 1837 ptaecepto
352 1741 401 1818 jus
414 1754 520 1800 noturae
543 1740 635 1811 hahet,
660 1743 734 1818 quhd
757 1763 820 1803 caro
844 1743 945 1802 debeat

21 1847 73 1884 esse
87 1822 152 1902 subj
155 1837 217 1883 ecta
231 1823 348 1900 spiritui,
363 1826 443 1882 etad
457 1843 533 1884 oum
537 1825 620 1882 linem
642 1825 797 1901 praescrihit
818 1825 946 1884 Ecclesia

19 1921 88 1966 terta
98 1905 202 1984 jejunii
216 1917 351 1982 tempore.
571 1957 576 1960 .

53 1989 204 2064 loquar-to
215 1986 285 2064 juris
299 1986 386 2044 divini
400 1999 444 2044 est
457 1986 585 2046 confiteri
597 2000 719 2064 peccate.

53 2071 87 2128 ln
103 2069 204 2145 quinto
218 2069 288 2144 legis
303 2067 408 2126 Christi
430 2079 474 2126 est
497 2069 620 2145 sumptio
642 2089 728 2128 sacrae
752 2068 944 2136 Eucharistiae,

20 2155 76 2210 eim
92 2152 171 2209 dicat
184 2149 301 2209 Jounnis
314 2162 413 2206 sexto:
436 2149 529 2206 “Nisi
550 2150 806 2219 manducaveritis,”
829 2152 879 2210 &c
902 2151 946 2208 his

19 2235 125 2292 duobus
139 2231 289 2310 praeceptis
303 2230 488 2306 adimplendis
505 2230 632 2290 Ecclesia
645 2245 755 2308 tempus
769 2233 946 2308 praescripsit.

56 2317 106 2372 An
131 2333 201 2390 ergo
224 2312 287 2370 hsec
311 2325 451 2388 praecepta
475 2324 540 2370 sunt
564 2313 683 2390 simplex
706 2315 857 2372 declaratio
874 2314 946 2392 juris

21 2397 113 2466 divini,
139 2395 284 2474 velnnuda
305 2394 439 2470 temporis
463 2393 747 2470 dets1·minati0„quo
771 2396 875 2472 obligat
898 2391 946 2472 jus

19 2479 142 2534 divinum
159 2489 207 2535 aut
221 2474 369 2534 naturale?

56 2559 96 2616 R.
110 2559 270 2634 Negativs:
291 2557 341 2614 sed
355 2555 509 2614 substantia
522 2557 582 2616 sive
594 2557 654 2634 ipse
669 2569 750 2616 sotus
763 2557 846 2616 otiam
872 2560 948 2616 cadit
967 2559 971 2568 '

21 2640 125 2700 directe
141 2641 193 2698 sub
207 2651 349 2716 praecopto
364 2637 518 2698 Ecclesiae:
538 2637 603 2697 hinc
617 2639 684 2697 licet
707 2639 768 2714 quis
793 2641 947 2698 communi·

21 2723 107 2780 cando
123 2722 170 2779 die
186 2720 300 2780 Sabboti
313 2731 378 2778 ante
392 2719 570 2778 Dominicam
587 2719 744 2778 Palmumm
770 2722 948 2780 satisfecisset

21 2815 163 2880 praecepto
171 2801 275 2868 divino,
287 2812 429 2860 teneretur
437 2800 616 2858 nihilominus
627 2802 655 2858 in
667 2803 805 2877 quindena
822 2803 947 2860 Paschcli
964 2844 968 2846 -

21 2883 226 2946 Eucharistiam
240 2903 359 2950 sumere,
373 2893 406 2940 ut
419 2882 591 2940 satisfaceret
604 2897 745 2960 praecepto
760 2883 904 2952 Ecclesiae,
919 2897 948 2942 et

21 2965 64 3024 ille
79 2965 131 3041 qui
145 2978 205 3024 toto
219 2985 292 3022 enno
306 2964 447 3022 omitteret
466 2965 679 3034 communicare,
703 2977 830 3042 peccaret
853 2979 949 3024 contra

19 3061 193 3126 praeceptum
208 3047 332 3106 divinum
347 3058 375 3106 et
391 3043 536 3104 Ecclesiae.
