2226 4064
157 101 216 162 190
396 160 399 172 ,
509 108 725 165 'enarrarre

196 265 237 325 11.
258 265 296 326 R.
328 265 527 328 Affirmatirer
548 267 615 344 qnia
640 285 697 325 una
722 266 832 324 monim
859 277 904 325 aet
929 261 1098 344 principalial

154 347 226 406 ratio
240 347 376 426 diligendi
385 351 481 409 Deum
495 360 525 407 et
537 348 707 426 proximum,
721 365 850 424 unaaqna
863 345 1009 406 charitatis
1021 347 1098 416 tinia*

153 429 263 488 scilicet
276 430 371 489 divina
384 432 494 490 bonitas
507 449 542 489 ao
554 446 611 490 ona
621 429 838 488 communicatio
847 440 961 490 aaron
970 431 1098 488 beatita-

155 509 240 578 dinie,
255 529 341 589 anper
354 531 438 589 qnam
453 514 587 570 fundator
599 511 723 570 amicitia
736 510 889 572 alteritatis.

199 593 249 650 An
262 593 383 652 charitas
397 603 441 652 cat
453 593 690 653 excellentiraima
708 592 870 650 rirmtnm?
1098 611 1099 628 ¹

197 673 257 732 111.
278 675 317 734 lt.
337 676 526 746 Affirmativt,
550 691 583 733 at
596 676 666 733 dicit
680 675 783 752 Apoat.
809 675 835 732 1.
856 674 893 733 ad
907 671 980 734 coc·
998 691 1024 730 c.
1050 673 1097 729 13.

154 755 193 814 V.
223 757 272 816 13.
292 755 406 816 “Nunc
429 769 543 816 manent
566 757 646 826 fidae,
675 775 748 832 epea,
776 755 904 826 charitas,
932 755 987 814 tria
1014 752 1098 813 hmo:

155 841 174 872 ‘¹
187 835 277 914 major
290 851 385 898 autem
399 838 499 897 horum
514 851 558 898 eet
578 837 727 898 charitaa''

196 919 283 980 Ratio
293 933 346 992 eet,
360 922 437 997 quod
451 920 572 1000 charitas
585 916 682 978 Deam
696 917 901 998 perfeetinaimo
911 918 1000 976 modo
1008 915 1100 975 attin-1

154 1011 212 1078 gat.
227 1001 337 1061 scilicet
349 1015 383 1060 nt
395 1003 426 1060 in
439 1021 470 1060 aa
482 1001 609 1062 bonnmt
633 1002 704 1059 fider
717 1013 813 1060 antem
827 1012 857 1059 at
869 1019 943 1078 epea,
954 997 1100 1076 qnatenria

154 1082 190 1142 ab
204 1083 266 1160 ipao
279 1085 362 1142 nobie
375 1084 504 1162 provenit
516 1085 563 1143 rel
577 1083 702 1162 cognitio
716 1083 784 1151 veri,
792 1081 837 1141 vel
848 1082 962 1159 adeptio
973 1080 1056 1150 boni,
1069 1091 1099 1136 et

155 1177 273 1240 utraque
287 1165 528 1244 imperfectionem
543 1165 693 1243 quamdam
706 1153 800 1235 halet,
819 1163 928 1224 adlinet
948 1163 1022 1220 lidae
1049 1146 1101 1218 obl

153 1245 327 1318 ecaritatem,
341 1267 406 1326 epea
418 1249 573 1307 absentiam
588 1246 655 1306 boni
668 1245 766 1306 ar'rlui:
786 1245 863 1304 unda
886 1241 1011 1304 feliciter
1030 1261 1101 1302 ova·¹

153 1340 273 1386 cnantnr
286 1329 316 1386 in
330 1329 434 1400 Patria,
448 1349 505 1387 non
519 1328 649 1398 charime,
671 1345 735 1406 qaae
748 1328 854 1386 ibidem
867 1327 975 1386 ratione
990 1323 1101 1404 ohjeon

154 1411 300 1487 proeaentia
314 1421 344 1470 at
357 1411 488 1470 intuitivi
501 1411 554 1470 viri
572 1409 725 1490 perficitur.

174 1569 215 1630 n.
233 1573 299 1632 no.
342 1573 403 1633 nr
425 1573 520 1634 sine
541 1566 792 1634 cnarrrnre
813 1567 959 1634 rosslr
978 1555 1102 1630 essol

370 1656 487 1716 VERA
508 1655 673 1721 ALIQUA
694 1651 876 1716 VIRTUS?
1102 1733 1103 1790 1

352 1816 388 1878 S.
407 1817 508 1878 stom.
524 1819 553 1878 2.
569 1820 598 1878 2.
611 1811 713 1898 poert
726 1818 777 1876 εδ.
795 1825 853 1877 ora
866 1817 897 1878 t.
1102 1811 1103 1880 l

75 2037 78 2046 .
153 1979 180 2042 1.
205 1977 857 2060 Simotootmemndororooraeperfiota
896 1975 1101 2040 ILAttomea

187 2063 362 2144 ammeta
402 2064 460 2125 111.
480 2063 740 2144 mootopoaenor
755 2065 786 2124 s.
799 2059 925 2140 Amr.
945 2069 1069 2121 auom.

193 2223 220 2284 1.
240 2215 354 2286 RESP.
376 2225 444 2286 Sina
459 2223 595 2286 charitate
608 2222 744 2285 habituali
757 2245 815 2285 non
829 2237 925 2304 potant
941 2243 1008 2284 aare
1033 2223 1099 2283 aim·

153 2307 265 2387 pliciter
279 2327 345 2367 vera
358 2309 454 2380 virtue,
465 2321 498 2368 ut
507 2329 571 2368 eam
584 2322 667 2368 vocat
679 2309 709 2368 S.
721 2305 776 2367 Th.
786 2329 838 2368 aen
848 2309 936 2366 virtut
950 2305 1097 2385 perfector

153 2409 218 2448 nam
234 2409 299 2449 vera
312 2401 341 2448 et
354 2393 481 2469 perlecta
489 2391 578 2469 virtrre
586 2391 698 2462 dicitur,
706 2409 770 2468 qam
778 2410 830 2449 noa
840 2389 1001 2450 ordinatori
1013 2389 1097 2447 finem

151 2484 280 2530 nostram
293 2471 435 2532 ultimum.

195 2553 235 2612 11.
251 2553 319 2612 sint
330 2553 466 2614 charitate
476 2566 570 2614 tamen
582 2555 739 2614 daturvara
749 2553 847 2624 virtue,
857 2553 908 2612 aad
918 2551 1098 2632 imperfecta,

154 2653 219 2711 qma
232 2635 346 2712 quidem
361 2653 412 2694 noe
425 2639 503 2696 recte
517 2637 628 2695 ordinat
641 2637 677 2694 ad
691 2637 777 2696 iidem
791 2635 914 2712 aliquem
933 2633 1098 2712 proximam

153 2736 204 2774 eeu
217 2718 413 2795 particularem
435 2717 594 2790 hortantum,
620 2717 688 2777 licet
711 2735 764 2776 noa
788 2737 847 2775 non
869 2713 1099 2794 conjungotfini

153 2809 251 2858 noetm
264 2799 376 2858 ultimo.

195 2881 322 2957 Assigna
335 2881 442 2958 aliquae
453 2881 581 2949 virtutae,
591 2897 656 2958 quaa
665 2892 786 2959 'poseant
800 2899 862 2939 eeaa
875 2879 936 2939 aine
950 2875 1099 2938 charitate.

195 2963 233 3020 R.
254 2963 340 3020 Talea
354 2975 420 3020 aunt
433 2964 551 3021 virtutes
565 2964 632 3022 fidei
645 2977 675 3021 at
688 2963 758 3040 spei,
783 2963 852 3021 item
875 2961 996 3030 virtutae
1016 2973 1099 3020 nato·

134 3042 235 3114 'talea
250 3064 300 3102 reu
322 3043 533 3122 philosophiam,
557 3045 605 3103 val
628 3045 793 3121 acquiaitaer
814 3042 881 3102 hinc
900 3055 988 3121 patet,
1012 3061 1100 3120 qnara

152 3123 286 3184 damnata
310 3127 347 3184 eit
367 3124 429 3186 lroec
452 3127 607 3204 propositio
630 3129 679 3185 25.
702 3127 776 3184 inter
800 3125 938 3203 Bajanaar
960 3124 1098 3184 “Omnia

154 3211 173 3241 “
187 3227 273 3284 opera
286 3208 442 3266 infidelium
458 3219 524 3266 eant
536 3220 662 3286 peccata,
676 3220 708 3267 et
720 3206 951 3288 philoeopborom
975 3203 1098 3264 rirtntca

155 3291 174 3322 “
188 3301 255 3348 eunt
269 3289 362 3348 vitia.”

196 3369 262 3447 Obj.
277 3371 307 3430 S.
319 3373 396 3448 Aug.
410 3372 573 3447 frequenter
586 3369 720 3440 occatio
734 3369 895 3429 infidelibus
908 3367 1004 3426 nullae
1016 3387 1098 3445 repa·

153 3450 202 3509 riri
216 3469 294 3510 verae
308 3453 435 3523 viminea,
450 3454 501 3512 aad
514 3453 610 3532 potins
624 3453 701 3522 vitia,
715 3463 749 3510 at
763 3452 812 3510 lib.
831 3451 877 3511 19.
891 3451 956 3508 “da
971 3449 1097 3510 Civitnta

154 3540 173 3567 “
188 3533 272 3600 Dei,”
287 3554 348 3610 cap.
363 3537 411 3592 25.
426 3547 455 3604 et
468 3535 517 3593 lib.
532 3539 561 3592 4.
586 3545 683 3592 contra
696 3533 842 3596 Julianum
867 3549 930 3610 cap.
954 3533 984 3588 8.
1009 3531 1097 3590 dicit:

154 3618 174 3648 ‘¹
189 3613 284 3683 Absit,
305 3628 338 3672 ut
351 3616 388 3673 eit
401 3617 430 3674 in
451 3616 546 3693 aliquo
570 3627 636 3676 vora
659 3616 756 3686 mona,
781 3615 836 3674 nial
857 3614 943 3676 faerit
962 3610 1097 3692 parnei*

152 3715 223 3772 ergo
237 3695 297 3754 eine
312 3695 446 3756 charitate
459 3717 516 3755 non
530 3699 613 3756 datur
627 3717 692 3756 vara
712 3697 810 3756 virtus.

197 3776 253 3834 111.
276 3774 314 3834 ll.
335 3777 409 3854 Neg.
424 3797 536 3855 conaeq.
560 3797 634 3838 narn.
655 3779 686 3838 S.
701 3779 778 3857 Aug.
801 3797 854 3858 par
874 3793 953 3836 verae
974 3775 1096 3834 virtutae

154 3857 293 3936 intelligit
307 3858 426 3919 virtutes
439 3861 665 3939 supernaturales
678 3871 708 3922 et
721 3861 870 3939 perlectae,
885 3875 948 3938 quoe
961 3859 999 3917 orl
1014 3858 1100 3917 vitam
