2226 4064
363 153 578 208 cancerosa·
828 179 832 185 -
873 139 950 198 285..

55 303 126 360 lrlem
140 299 249 357 ridetur
259 297 412 358 'dicendum
427 300 463 358 da
478 297 536 369 illo,
546 299 595 376 qui
609 299 716 358 inducit
727 300 797 358 tales
810 299 846 358 ad
860 299 933 358 blas·

22 383 140 462 phanias,
155 393 183 440 et
197 381 351 457 generatim
365 382 401 438 ad
415 381 516 448 omnia,
531 401 593 457 quae
608 395 673 440 sunt
687 382 837 440 intrinsece
851 383 933 440 mala.

56 463 113 540 Obj.
134 464 262 521 Proferre
286 461 472 538 blasphemias
493 481 550 520 non
573 477 615 522 cst
640 464 788 532 intrinsece
809 463 912 523 malum
926 487 951 531 ς,

23 545 153 622 quiaillud
167 545 200 602 fir
213 543 230 602 is
243 543 501 602 concionatoribus:
522 565 598 620 ergo,
612 547 663 604 &a

55 629 86 684 R.
106 626 182 684 Dist.
207 638 264 683 aut.
292 627 416 702 proferre
439 624 624 702 blasphemias
649 628 724 684 merla
746 626 933 695 “narrative”

21 730 66 766 non
78 720 118 765 est
131 707 283 766 intrinsece
297 707 411 775 malum,
433 727 511 766 conc.
525 721 583 766 ant.
605 711 727 785 proferre
747 707 936 784 blasphemias

21 789 187 856 enuntiative,
202 790 342 865 quomodo
356 789 534 865 proferuntur
547 791 581 847 ab
595 803 714 858 amente,
730 791 866 865 quantum
891 803 937 847 est

21 893 48 930 cx
61 883 132 948 parta
146 869 315 939 inducentis,
329 891 384 927 non
399 884 442 928 est
456 871 605 930 intrinsece
618 873 732 938 malurn,
754 891 826 946 nego
840 883 896 928 aut.
910 865 950 926 si'

21 954 80 1010 enim
95 952 142 1008 illa
155 954 239 1010 rerba
253 953 464 1010 considerentur
478 952 560 1010 simul
576 973 639 1010 cum
654 954 761 1010 influxu
783 966 812 1010 st
837 952 934 1010 volun-

20 1035 77 1092 tario
90 1033 255 1101 inducentis,
270 1035 449 1109 preferuntur
463 1034 497 1090 ab
511 1049 622 1092 emente
637 1037 719 1092 modo
740 1034 947 1111 significative,-
1002 1027 1004 1037 ’

19 1126 88 1191 prout
102 1114 219 1190 quisque
229 1113 370 1191 judicaret
384 1135 414 1172 se
428 1115 502 1182 laedi,
517 1115 539 1172 si
555 1117 591 1174 de
615 1117 677 1193 ipso
701 1137 797 1174 amens
821 1117 856 1174 ab
880 1115 950 1172 alio,

19 1197 135 1254 inductus
149 1197 287 1274 proferret
300 1199 384 1254 rerba
397 1196 573 1256 detractoria.

74 1357 109 1415 N.
122 1359 172 1417 25.
213 1359 271 1431 DE
294 1359 484 1418 SUBDITIS
506 1357 630 1417 LEGIS
652 1357 865 1418 POSITIVAE.

251 1521 286 1580 S.
305 1521 404 1580 Ibem.
418 1531 517 1599 quaest.
533 1523 580 1581 95.
595 1531 650 1580 ort.
665 1523 693 1580 5.

18 1685 36 1743 Ι.
52 1684 121 1743 Jorz·
132 1687 262 1760 pretium
286 1684 450 1744 subduntur
469 1705 573 1756 omnes,
588 1657 598 1668 ⁶
614 1685 655 1744 ΙΙ.
675 1685 719 1744 Et
743 1685 798 1762 lapi
820 1685 948 1749 divine..

44 1767 100 1824 ΙΙΙ.
120 1767 219 1826 Pueri
242 1770 365 1826 radonis
388 1787 469 1826 urum
493 1769 591 1846 adepti
610 1767 748 1842 licentur.
790 1768 842 1826 IV.
863 1765 936 1828 Item

48 1858 168 1908 amentes
181 1856 239 1907 ooo
247 1850 390 1926 perpetui,
403 1849 572 1908 dormientes
585 1857 612 1908 et
631 1848 715 1932 ebrii,
751 1850 787 1908 V.
813 1847 921 1912 Caela

47 2010 220 2076 QUINAM
233 2013 391 2070 subduntur
400 2011 457 2088 juri
471 2012 623 2088 gentium?
757 2067 767 2078 ⁴.

46 2093 68 2148 Ι.
83 2093 120 2152 R.
136 2093 245 2152 Omnes
258 2093 309 2159 illi,
325 2095 359 2152 ad
375 2115 445 2170 quos
459 2095 575 2152 materia
583 2093 655 2170 juris
666 2094 790 2168 gentium
805 2093 951 2176 pertinet„

17 2185 61 2230 tem
89 2175 188 2251 Reges
215 2187 244 2232 et
272 2175 424 2252 Principes,
453 2174 536 2254 quern
563 2175 682 2253 privati:
715 2195 805 2252 neque
834 2177 936 2242 obstat,
999 2207 1002 2218 »

18 2255 98 2330 Reges
123 2275 182 2314 non
205 2275 374 2332 cognoscere
396 2257 566 2332 superiorem
595 2258 625 2314 in
653 2257 754 2331 Regno
781 2257 936 2332 suo;,qnia

17 2338 134 2410 equidem
162 2351 226 2395 sunt
250 2338 395 2396 inferiores
415 2338 479 2416 jure
502 2339 637 2416 gentium,
663 2339 727 2396 cbm
748 2338 796 2415 jus
810 2340 937 2415 gentium

17 2437 61 2474 uon
74 2419 110 2476 sit
124 2419 209 2476 unius
222 2421 309 2495 regni,
324 2421 373 2478 sed
388 2420 511 2477 omnium
526 2421 670 2478 nationum
693 2440 830 2478 consensu
850 2421 936 2476 intro-

18 2500 131 2566 ductum,
158 2502 283 2576 adeoque
307 2501 434 2577 superius
459 2501 583 2576 quolibet
612 2502 691 2577 Rege
718 2502 747 2556 in
768 2501 936 2576 particulari.

18 2581 90 2638 Unde
106 2583 172 2640 Rex
186 2583 256 2646 illud
270 2584 498 2659 transgrediendo
507 2581 626 2660 justitiae
640 2582 837 2644 ethonestatis
859 2583 938 2659 leges

17 2661 99 2720 violat.
522 2658 526 2666 ’

49 2744 170 2807 Quinam
185 2746 343 2802 subduntur
356 2745 413 2822 legi
428 2745 529 2803 divinae
544 2745 696 2823 positivae?

48 2825 87 2883 ΙΙ.
102 2827 140 2884 R.
156 2825 274 2894 Omnes,
286 2827 322 2886 ad
336 2833 406 2903 quos
420 2828 465 2886 lex
490 2829 584 2886 diviua
607 2828 743 2904 dirigitur,
769 2827 833 2903 quia
857 2827 937 2888 Deus

17 2903 89 2964 babet
103 2907 294 2984 plenissimam
309 2923 476 2985 potestatem
491 2910 519 2966 in
535 2930 640 2967 omnes.
938 2959 942 2972 .

50 2989 126 3046 Hinc
141 3003 313 3066 praeceptum
329 2991 452 3048 divinum
467 2991 636 3068 suscipiendi
652 2991 797 3066 Baptisma
810 2991 894 3049 Joan.
908 2993 937 3048 3.

17 3083 39 3126 et
63 3084 236 3147 praeoeptum
265 3073 393 3130 sumendi
424 3072 542 3130 Sacram·
566 3071 771 3130 Eucharistiam
799 3072 881 3130 Joan.
909 3074 943 3128 6.·

18 3151 132 3226 obligant
146 3173 200 3209 non
216 3153 325 3210 tantrlm
339 3153 450 3212 adultos
464 3153 561 3212 fideles
576 3168 604 3212 et
618 3153 774 3222 baereticoS,
790 3155 838 3212 sed
854 3153 938 3210 etiam

16 3231 136 3291 infideles
150 3231 200 3292 seu
215 3255 269 3291 non
285 3237 454 3312 baptizarem
472 3236 537 3311 quia
547 3235 675 3295 Christus
689 3235 773 3292 etiarn
788 3235 938 3309 alloquitur

17 3313 144 3374 infideles.
180 3316 243 3374 Non
259 3331 376 3393 peccant
390 3330 483 3375 tamen
498 3317 658 3383 formaliter,
674 3317 806 3391 quamdiu
820 3317 939 3374 istorum

18 3409 214 3474 preceptorum
229 3399 354 3460 laborant
368 3397 523 3474 ignorantiis
540 3398 703 3458 invincibili.

52 3482 98 3534 An
121 3479 202 3556 pueri
226 3493 290 3537 ante
314 3501 396 3537 usum
421 3481 535 3538 rationis
560 3500 615 3537 non
643 3491 773 3540 tenentur
796 3490 940 3556 praecepto

18 3555 172 3633 Baptismi?

52 3641 86 3696 R.
115 3641 180 3700 Non
205 3655 335 3700 tenentur
359 3643 471 3718 quidem
494 3641 606 3720 proprie
628 3654 769 3719 proecepto
792 3641 940 3717 Baptismi,

17 3719 72 3776 cbm
87 3735 259 3798 praecaptum
275 3725 381 3781 tantbm
406 3726 565 3800 imponatur·
589 3724 757 3782 obedientiae
782 3723 939 3799 capacibus,

14 3801 58 3858 scd
73 3816 165 3862 temen
178 3805 249 3862 illud
264 3805 333 3881 ipsis
347 3805 532 3864 administrari
546 3806 647 3875 debet3
667 3805 733 3881 quia
746 3819 790 3864 est
813 3803 938 3862 medium

13 3883 174 3946 adsalutem
189 3887 386 3946 necessarium.
