2216 4056
161 153 225 242 102ν
528 171 723 216 1111111111

159 322 180 352 “
194 327 224 375 et
237 316 312 376 narni
326 335 506 394 personarum
528 318 624 394 generi
645 320 759 378 studere
774 327 803 376 et
823 335 992 393 cognoscere
1010 317 1090 396 spiri·

160 404 178 436 ‘⁶
192 411 263 467 tum,
287 399 431 476 pietatem,
456 411 486 456 et
510 400 643 477 mysteria
658 401 688 459 S.
709 397 866 478 Scripturas
874 399 898 456 :''
919 398 986 458 buic
1000 398 1090 477 junge

75 515 78 538 t
157 481 362 558 propositiones
387 483 436 550 80,
462 482 511 551 81,
525 484 575 550 82,
598 483 647 552 88,
662 484 709 540 st.
722 493 752 540 et
766 481 815 540 85.
828 481 864 538 in
886 482 985 539 eadem
1006 482 1091 540 Bulla

158 561 311 621 dmnnstae.
531 603 534 608 -

200 645 338 702 Probatur
351 643 485 701 ulterius:
506 644 623 702 aliorum
638 645 666 702 in
683 643 813 703 Ecclesia
832 655 877 702 eet
889 645 1000 712 docere,
1022 643 1089 702 alio·

157 745 220 782 rum
234 738 278 782 est
291 725 436 784 scientiam
451 737 480 782 et
493 726 585 802 legem
600 745 637 784 cx
650 745 699 784 ore
725 725 908 784 Sacerdotem
932 725 1089 801 requirere:

156 807 242 864 simili
256 808 314 864 ferd
328 807 422 874 modo,
437 826 494 882 qno
507 807 536 864 in
551 807 711 884 Republica
730 808 807 866 civili
820 827 877 864 non
897 807 1024 866 omnium
1047 821 1089 866 est

154 888 233 964 leges
247 888 373 956 scrutari,
387 889 590 946 controversias
603 888 765 966 dijudicare,
781 889 833 946 811.

197 970 405 1028 Confirmatur:
426 970 492 1045 quia
507 971 536 1028 S.
556 973 629 1046 Aug.
645 971 694 1029 lib.
712 973 738 1028 l.
759 977 778 1004 “
789 971 825 1028 de
839 969 979 1028 Doctrina
993 968 1088 1029 Chris·

158 1056 177 1086 ‘⁸
191 1051 283 1109 tiana’'
297 1069 358 1128 cap.
373 1052 421 1108 39.
436 1052 529 1120 tradit,
552 1053 627 1128 quod
650 1053 778 1128 quaedam
794 1051 939 1120 Ecclesia,
959 1071 1012 1128 per
1032 1053 1087 1108 duo

156 1133 320 1210 etamplius
342 1133 454 1202 saecala,
472 1135 646 1191 substiterint
660 1135 765 1210 absque
781 1133 949 1211 Scriptmis:
967 1133 1087 1201 11191111,

155 1215 231 1291 quod
245 1214 327 1272 multi
341 1215 438 1272 fideles
452 1213 545 1290 legere
559 1215 693 1286 nesciant,
708 1216 809 1292 quibus
822 1235 875 1274 uec
898 1227 1086 1292 opportunum

153 1308 205 1364 est,
220 1295 321 1353 babere
335 1295 455 1371 aliquem
470 1296 518 1370 qui
532 1297 674 1374 praelegct.
718 1371 720 1374 ι

157 1401 161 1410 ·
193 1374 307 1436 Deinde
323 1377 467 1454 Scriptura
490 1377 575 1436 Sacra
596 1397 652 1436 non
673 1379 728 1436 nisi
751 1378 863 1445 latina,
880 1377 1022 1435 Hebraico
1043 1376 1085 1434 rel

154 1459 257 1518 Gracc
271 1459 417 1536 legebatur
429 1458 459 1516 in
474 1459 604 1518 Ecclesia
624 1480 713 1536 nsque
736 1460 772 1517 nd
785 1459 919 1517 saeculnm
934 1459 988 1516 lv.
1007 1471 1038 1516 et
1058 1459 1086 1515 in

153 1539 294 1617 Hispania
307 1559 363 1597 non
376 1540 431 1598 nisi
444 1540 546 1598 Latine
558 1561 647 1616 usque
668 1541 703 1600 ad
717 1541 852 1600 naculum
869 1541 919 1598 Vl.
937 1552 967 1599 et
980 1539 1011 1597 111
1024 1541 1086 1597 An-

153 1618 210 1696 glia
224 1639 312 1697 usqne
336 1622 373 1679 ad
393 1621 528 1680 seculum
551 1623 619 1681 VII.
637 1634 807 1681 attestatur
829 1623 926 1689 Beda3
946 1622 1085 1696 (locatque

153 1702 284 1780 Haroey‚
309 1704 384 1779 quod
409 1702 527 1780 majorae
549 1704 638 1762 nostri
653 1704 747 1762 Biblia
760 1705 789 1761 in
804 1703 928 1780 linguam
941 1701 1085 1779 vulgarem

154 1802 302 1842 conversc-
318 1784 416 1861 primis
447 1796 514 1842 octo
535 1785 647 1843 amanlis
671 1799 736 1863 post
763 1784 1007 1844 Christicolarum
1039 1783 1094 1858 blot

152 1865 310 1943 plantatum
323 1885 380 1922 non
393 1865 549 1924 habuerint.
1093 1875 1094 1946 l

172 1983 176 1991 ι
195 1947 227 2007 si
239 1959 334 2006 autem
344 1947 442 2006 Patres
451 1946 625 2024 judicassent
632 1949 819 2026 promiscuam
830 1949 981 2026 Scriptum
991 1947 1094 2006 Saorael

151 2029 302 2088 lectionem
327 2049 388 2086 esse
412 2030 605 2099 necessariam,
629 2043 713 2106 prout
740 2030 911 2096 Quasnallas
934 2029 1093 2104 ceterique¹

151 2109 278 2168 haretici
292 2110 444 2179 clamitant,
458 2110 648 2170 indubitans
662 2112 691 2168 in
706 2112 830 2188 lingnam
840 2112 982 2188 vulgarem
996 2122 1093 2169 turns·¹

152 2192 293 2250 tulissent.
1092 2193 1093 2256 l

159 2301 162 2308 ·
193 2273 233 2331 11.
256 2273 453 2332 Sacerdotibus
476 2285 570 2332 tamen
585 2285 614 2332 et
637 2274 799 2352 Prapositis
818 2273 965 2340 Ecclesiae,
984 2274 1093 2349 quibust

49 2357 51 2364 ’
150 2355 289 2413 incumbit
297 2375 368 2413 onus
378 2357 498 2414 docendi
506 2355 686 2432 sterguendi,
694 2356 819 2414 studium
829 2355 983 2431 Scriptum
991 2354 1084 2414 Sacra

150 2437 259 2495 ratione
283 2437 379 2495 statiis·
397 2450 426 2494 st
440 2437 525 2494 officii
548 2451 592 2494 est
615 2438 811 2505 necessarium,
834 2437 987 2496 secundum
1008 2435 1092 2510 quod:

150 2518 255 2576 dicitur
268 2517 420 2577 Malachiae
444 2537 504 2598 cap.
519 2520 547 2576 2.
561 2519 599 2576 V.
622 2521 651 2576 7.
672 2526 689 2552 “
702 2518 791 2576 Labie
810 2518 970 2576 Sacerdotis
991 2530 1092 2576 mem-l

151 2605 171 2633 “
186 2599 264 2657 dlent
277 2601 432 2669 scientiam,
447 2612 475 2658 et
489 2600 580 2676 legem
595 2599 737 2675 requirent
750 2601 786 2657 ds
800 2619 848 2658 ore
862 2598 923 2676 ejus
932 2598 958 2667 ;''
974 2612 1008 2656 ut
1020 2605 1092 2676 pro-l

149 2680 217 2738 inde
245 2682 344 2739 meritb
372 2681 500 2758 statuerit
525 2681 784 2740 Excellentissimos
812 2681 953 2738 Dominus
980 2678 1082 2737 Archi·

151 2761 234 2838 Epis.
250 2761 358 2820 Mecbl.
373 2761 400 2820 in
416 2762 541 2820 Decreto
554 2783 606 2819 sno
620 2762 655 2820 de
674 2763 720 2820 12.
729 2762 828 2820 Martii
843 2763 929 2818 1762.
942 2761 1091 2819 nemineml

149 2843 167 2901 ri
181 2864 212 2901 se
226 2844 262 2902 ad
278 2843 377 2902 Sacros
392 2844 514 2902 Ordines
527 2845 680 2902 admissum
694 2844 737 2911 iri,
752 2843 807 2901 nisi
820 2843 976 2921 praecipnos
988 2843 1091 2919 scrip-t

149 2935 222 2983 turae
238 2925 331 2984 Sacrae
345 2926 431 2983 libros
445 2923 594 3002 diligenter
606 2925 784 3002 pervolverit.
1090 2937 1091 2995 t

190 3009 240 3064 An
253 3007 339 3065 lectio
355 3007 507 3086 Scriptura
523 3007 615 3065 Sacra
629 3020 673 3064 est
687 3007 817 3064 omnibus
830 3005 931 3064 licita?

190 3089 246 3146 111.
261 3089 303 3146 11.Ι
317 3089 361 3146 10.
378 3089 506 3146 Ecclesia
519 3087 669 3146 lectionem
681 3088 833 3164 Scriptura
845 3087 938 3146 Sacrae
948 3086 976 3144 in
988 3087 1090 3163 lingnal

148 3169 300 3238 Hebraico,
316 3170 419 3228 Graeca
433 3170 476 3228 vel
492 3170 593 3228 Latine
606 3171 685 3228 nullo
699 3171 821 3237 decreto,
836 3189 872 3226 ne
885 3169 954 3245 ipsis
968 3170 1090 3244 quidemr

147 3249 253 3320 Laicis,
267 3249 405 3328 prohibet.
448 3251 493 3309 Ex
507 3251 570 3328 lege
583 3263 677 3310 temen
691 3263 798 3310 naturae
812 3252 846 3309 ab
871 3250 921 3308 illa
941 3245 1090 3329 abstinenl

147 3333 217 3390 durn
231 3346 283 3403 est,
299 3333 323 3390 11
337 3331 423 3392 lectio
436 3333 485 3391 illa
495 3333 619 3391 delectu
633 3331 802 3401 idoneitatis,
826 3333 869 3390 rel
891 3331 1089 3408 dispositionist

147 3413 243 3482 animi,
259 3415 331 3471 foret
343 3415 422 3491 pravi
432 3413 513 3482 ustis,
528 3428 560 3472 ut
574 3427 634 3472 erat
647 3428 776 3491 respectu
790 3415 912 3484 illorum,
929 3414 966 3470 de
979 3411 1089 3488 quibust

147 3493 206 3570 agit
221 3494 251 3554 S.
267 3495 369 3552 Petrus
384 3497 476 3574 Epist.
496 3498 525 3553 2.
545 3515 607 3574 cap.
628 3499 656 3554 3.
675 3497 712 3555 V.
740 3499 786 3555 16.
807 3503 825 3532 “
836 3497 910 3560 Qnae
922 3493 1038 3563 indocti,
1050 3505 1078 3550 et

150 3583 168 3610 “
182 3575 325 3635 instabiles
340 3577 491 3652 depravant
505 3579 541 3636 ad
555 3598 634 3635 suam
648 3578 772 3654 ipsorum
789 3575 1000 3654 perditionem.”

159 3675 162 3684 ·
188 3656 240 3713 IV.
249 3656 295 3714 2⁰.
304 3655 468 3716 Lectionem
482 3659 633 3735 Scripturas
643 3660 737 3718 Sacrae
745 3659 773 3716 in
783 3655 1088 3736 linguavulgarilaicia

147 3747 197 3796 ent
219 3735 420 3812 cujuscumque
441 3740 609 3797 conditionis
632 3738 791 3798 bominibus
805 3739 934 3799 Ecclesia
953 3738 1088 3810 absolutdl

146 3836 205 3874 non
218 3816 357 3894 probibet,
381 3820 506 3879 sedeam
526 3837 584 3879 non
607 3821 661 3880 nisi
684 3841 748 3882 cum
773 3821 881 3901 magnis
905 3819 1079 3881 munenibus

150 3898 296 3978 permittit.
413 3943 416 3948 -
