2216 4056
327 232 368 279 nr
390 231 596 274 vrnrnrmns.
872 214 929 274 108

41 374 72 434 V.
85 375 161 438 Haec
173 376 313 436 Ecclesia
328 377 483 454 disciplina,
498 374 640 452 qumjanr
661 387 726 436 ants
740 396 794 434 nau
815 388 929 454 recepta

9 471 56 514 erat
77 459 104 515 in
127 458 345 535 particularibus
370 459 513 526 Ecclesiis,
540 479 593 535 pro
620 458 770 516 universali
800 457 929 516 Ecclesia

10 539 115 598 stabilita
128 540 186 598 fuit
195 559 248 616 per
260 541 387 616 regulam
401 555 527 616 quartam
541 539 641 598 indicis
655 540 690 598 ad
702 539 807 598 calcem
818 540 927 600 Concil.

10 617 121 680 Trident.
141 619 186 683 hie
200 622 310 680 verbis:
326 629 344 656 ‘⁴
357 623 429 682 Cum
444 621 641 698 experimento·
650 621 828 680 manifestum
842 621 888 692 sit,
902 622 927 678 si

10 704 23 730 “
35 701 60 758 S.
75 703 169 760 Biblia
183 703 291 779 vulgari
301 700 396 780 lingui
407 704 511 780 passim
522 703 582 760 sine
593 702 753 760 discrimine
763 702 927 778 permittan-

10 785 22 812 “
33 795 79 850 tur,
92 784 158 860 plus
171 784 238 842 inde
252 787 290 842 ob
304 783 448 844 homiuum
462 785 651 842 temeritatem
666 783 827 842 detrimenti
841 782 927 860 anlm

9 867 21 914 5⁴
31 865 153 924 utilitatis
167 865 242 935 oriri,
256 865 310 924 hac
324 867 354 924 in
368 878 446 945 parte
455 865 565 942 jndicio
581 865 723 942 Episcopi,
743 877 792 923 ant
806 865 927 942 Inquisi-

9 947 91 1003 “tnris
116 961 216 1014 stetur,
241 959 275 1004 nt
300 968 364 1005 cnm
390 948 517 1008 Consilio
542 945 661 1004 Pcrochi
685 947 729 1004 vel
745 947 927 1016 confessarii,

10 1027 191 1096 “Bibliornm,
204 1027 222 1085 ri
236 1028 390 1088 Catholicis
412 1028 575 1100 authoribus
600 1049 752 1096 versorum,
775 1028 925 1086 lectionem

10 1111 22 1138 “
32 1109 56 1166 in
69 1110 175 1186 vulgari
189 1110 285 1186 lingua
299 1111 340 1168 eis
353 1112 507 1168 concedere
521 1110 637 1187 possint,
653 1130 722 1184 quos
736 1109 927 1170 intellexerint

10 1193 23 1220 “
33 1210 63 1248 er
75 1191 213 1268 ejusmodi
223 1193 345 1250 lectione
359 1213 416 1250 non
430 1193 571 1258 damnum,
581 1192 631 1248 sed
642 1191 708 1250 fidei
718 1204 802 1268 atque
812 1191 925 1268 pietatis

11 1273 205 1348 “angmentum
230 1293 330 1350 capere
352 1293 452 1350 posse:
474 1293 558 1349 quam
572 1272 734 1332 laenitatem
757 1273 786 1330 in
814 1273 925 1350 scriptis
1008 1347 1011 1354 ,

11 1351 150 1412 “habeant
193 1355 251 1418 Qui
265 1353 359 1412 autem
373 1357 478 1431 absque
492 1352 542 1412 tali
556 1355 690 1412 facultate
704 1373 737 1411 ea
757 1353 850 1430 legere
873 1375 925 1414 eeu

10 1437 23 1464 ¹‘
33 1431 125 1494 habere
136 1437 357 1513 praesumpserit,
368 1437 423 1494 nisi
437 1437 513 1513 priris
524 1436 624 1494 Bibliis
634 1435 783 1494 Ordinatio
796 1435 924 1505 redditis,

9 1517 22 1544 '¹
32 1529 200 1590 peccatorum
207 1517 412 1576 absolutionem
423 1517 565 1594 percipere
574 1537 630 1574 non
638 1517 926 1594 possit...Regularee

10 1601 22 1628 ‘⁸
32 1600 89 1656 reri
101 1618 158 1656 non
171 1599 225 1656 nisi
240 1600 374 1658 facultate
396 1598 414 1656 a
428 1599 555 1658 Prmlatis
580 1599 638 1656 suia
651 1597 755 1669 habim,
781 1618 816 1656 ea
829 1599 923 1676 legera

10 1679 330 1758 “antemerepossint.”
757 1749 761 1754 ¹

39 1760 85 1818 Vl.
98 1762 194 1830 Porro,
208 1761 233 1819 si
244 1763 374 1838 quaedam
384 1773 489 1839 puncta
497 1761 631 1838 excipias,
640 1774 672 1819 ut
682 1773 747 1818 sunt
758 1762 793 1818 de
804 1761 885 1822 venia
892 1763 923 1822 iu

9 1841 99 1918 scriptis
111 1844 271 1914 obtinenda,
287 1845 323 1902 de
333 1845 488 1902 Bibliornm
502 1844 658 1902 redditione
669 1843 837 1901 absolutioni
851 1864 923 1921 praa-

8 1922 133 1994 mittenda,
142 1939 172 1982 et
183 1925 334 1983 Ordinatio
343 1926 477 1994 iacienda,
488 1925 558 2000 legis
569 1924 649 1984 istius
659 1924 834 1982 observantia
844 1945 923 1984 sere·

8 2005 147 2080 rinrgcm
160 2007 196 2064 ab
206 2006 354 2084 Episcopis
370 2007 462 2083 Belgii
477 2005 625 2076 Catholici,
641 2019 672 2064 ut
685 2007 779 2078 ridere
792 2019 836 2064 est
846 2009 923 2083 apud

9 2081 123 2164 Hamey:
137 2101 168 2145 et
181 2089 317 2164 quantiam
330 2090 366 2146 ad
380 2087 452 2146 hanc
466 2088 620 2145 Dioecesim
636 2088 699 2144 vide
716 2087 784 2165 Syn.
798 2087 922 2146 Dioeoes.

8 2163 80 2306 {tw}
93 2188 152 2247 cap.
167 2173 195 2227 8.
210 2183 240 2227 st
253 2170 375 2246 priorem
387 2169 543 2247 Epistolam
557 2168 728 2228 Pastoralem
742 2168 922 2246 Hnmbertiri

55 2271 80 2304 ,ι
100 2270 172 2308 rano.

40 2270 98 2388 Imp
98 2331 182 2408 juxta
197 2331 328 2408 Steyaert
341 2343 455 2408 recepta
468 2343 511 2390 est
525 2330 588 2404 Lex
602 2343 631 2388 et
644 2329 788 2408 hucusque
813 2346 921 2392 servata
940 2365 943 2371 ⁴

11 2407 73 2481 (mm
86 2414 215 2472 varietate
229 2414 350 2489 quadam
364 2429 415 2490 pro
429 2413 512 2488 genio
526 2410 687 2490 regionum)
702 2415 729 2470 in
745 2427 824 2492 parte
846 2416 923 2472 orbis

13 2489 128 2554 Catholici
142 2495 233 2552 multo
246 2495 378 2563 maxima,
393 2495 451 2552 imi>
465 2495 494 2551 in
508 2495 574 2552 orbe
589 2497 665 2552 mere
678 2493 826 2572 Catholico
839 2508 899 2554 toto
911 2518 920 2554 a

11 2572 82 2630 solim
102 2577 150 2634 ubi
173 2577 248 2634 inter
261 2576 407 2634 haereticos
431 2575 589 2652 degendum
615 2575 676 2646 fuit,
692 2577 755 2654 plus
779 2577 920 2636 indultum

11 2666 50 2710 ffli-

42 2736 162 2806 Observa,
177 2739 252 2814 qnird
262 2737 347 2815 juxta
360 2739 464 2798 dictam
477 2738 603 2814 regulam
614 2750 736 2815 potestas
748 2741 921 2800 concedendi

11 2811 127 2878 icentinn
141 2819 254 2896 legendi
265 2821 437 2897 Scripturam
450 2821 562 2893 Sacram
574 2820 601 2876 in
612 2821 707 2897 lingua
717 2821 832 2898 vulgari,
842 2842 920 2880 com·

10 2911 70 2970 petat
75 2899 221 2978 Episcopo,
233 2903 277 2960 vel
285 2901 455 2978 inquisitori,
464 2919 520 2959 non
530 2901 665 2973 Parocho,
674 2903 919 2980 anthnlessariiS,

10 2976 50 3034 nisi
61 2979 113 3040 haec
127 2996 251 3059 potestas
265 2983 333 3060 ipsis
347 2984 385 3040 sit
398 3003 539 3040 concessa.

42 3060 180 3122 Prohibitio
193 3065 334 3138 retinendi
348 3077 378 3122 et
391 3065 502 3140 legendi
516 3064 611 3122 Biblia
631 3064 779 3123 vernacula
792 3085 919 3142 compre-

12 3133 86 3201 hcndit
98 3147 180 3204 etiam
196 3159 290 3222 partes
303 3159 362 3206 tarn
384 3145 538 3222 venonam
563 3147 629 3204 novi
645 3147 827 3223 Testamenti,
850 3167 919 3222 quaa
1005 3187 1010 3196 ·

12 3237 60 3280 rsus
80 3247 131 3284 non
155 3230 281 3304 excipit:
303 3227 482 3304 excipiuntur
503 3239 596 3286 antem
618 3249 672 3296 usu
697 3227 802 3285 Psalmi
822 3227 927 3306 aliqui,'

14 3299 112 3376 Certim,
126 3321 155 3366 et
170 3309 269 3366 Passio
284 3309 402 3366 Domini
415 3309 442 3365 in
457 3309 534 3366 libris
544 3310 666 3368 'Precnm
677 3309 789 3366 inserta.
810 3309 920 3370 Pariter
1024 3348 1029 3356 ‹

13 3397 60 3441 usus
79 3388 105 3446 in
127 3391 256 3466 pluribus
281 3389 491 3458 locisobtinet,
514 3392 590 3466 qndd
614 3389 763 3448 vernacule
790 3390 919 3468 legantur

15 3457 165 3552 lpnnlaect
180 3472 337 3548 Evangelia
349 3492 400 3548 per
413 3491 517 3530 annum
540 3472 569 3528 in
586 3473 677 3530 Missa
698 3473 802 3530 cantari
826 3473 918 3545 solite,

16 3555 60 3603 lem
73 3549 184 3610 historia
197 3555 300 3611 veteris
314 3565 343 3612 et
357 3553 422 3610 novi
437 3553 621 3611 Testamenti.

41 3627 119 3691 Docet
133 3634 248 3711 Sylvius
262 3635 292 3691 in
312 3635 530 3692 resolutionibus
544 3635 636 3703 variis,
662 3636 747 3694 verbo
769 3639 786 3668 “
799 3634 917 3705 Birria?

17 3707 65 3778 quid
78 3714 213 3786 Pastores,
229 3716 449 3778 concionatores
472 3729 501 3779 et
524 3715 580 3783 alii,
605 3716 653 3790 qui
677 3717 714 3774 ad
730 3715 848 3778 Parochi
869 3727 919 3772 ant

16 3786 197 3876 ¹Concinnatoris
222 3818 325 3866 mouns
348 3811 547 3874 praeparantur,
576 3797 684 3870 possint
710 3797 759 3854 uti
774 3789 917 3870 Scripturai

15 3871 124 3952 lllingua
136 3879 266 3956 vulgari3
289 3879 421 3956 qnodque
446 3877 507 3934 haec
522 3875 640 3934 facultas
654 3877 692 3934 sit
705 3875 772 3952 ipsis
787 3889 920 3948 concessa

15 3943 52 4010 hoc
63 3955 124 4036 ipso,
137 3961 245 4042 quoad
260 3961 428 4022 tale‘mnnus
440 3960 610 4036 deputantur
620 3980 628 4026 3
642 3957 688 4018 tel
699 3956 778 4027 certe
786 3965 918 4011 conoessss
