2248 4070
387 225 428 267 ns
449 225 593 270 anemos.
896 211 959 271 379

67 371 128 432 ΙΙΙ.
141 371 180 430 R.
194 369 268 431 Cum
289 369 469 431 catechismo
483 371 613 432 Romino
635 371 782 449 negotist:
803 373 868 449 quis
892 395 959 436 oen·

21 466 106 511 setur
121 452 205 511 homo
218 453 278 530 ipse
292 451 416 512 laborare
437 475 488 532 per
511 455 568 522 illu,
590 455 655 512 citur
677 454 726 518 illu
749 474 805 511 non
830 456 883 514 sibi
907 459 958 518 sed

23 537 145 592 domino
159 535 303 592 laborentz
324 533 377 593 hoo
390 535 522 593 distincte
535 555 697 612 expressum
720 536 773 593 fuit
789 535 880 595 Exodi
895 559 957 616 esp.

24 619 76 674 20.
92 617 130 674 V.
151 621 194 675 ¹0.
217 616 312 674 “Non
327 617 413 674 iacies
434 637 516 675 omne
530 637 600 694 opus
614 617 643 673 in
657 637 701 685 eo,
715 629 746 674 tu
761 630 789 675 ot
803 619 876 677 filius
891 633 957 680 tuus

23 704 42 813 ἶ
57 711 90 755 et
104 697 165 756 filis
177 710 235 802 pon,
248 717 344 756 servus
358 710 423 756 tuus
436 712 466 757 et
479 697 580 756 aneilla
592 710 650 766 tuo,
660 697 819 776 jumentum
834 713 914 759 tuum
927 713 958 761 et

57 780 302 938 a(lllpllmrlnimslio
324 880 381 918 non
404 873 470 919 sunt
490 872 555 938 epte
578 861 750 920 senetilioaro
775 862 849 922 diem
861 885 872 921 :r
890 884 957 942 ergo

23 943 384 1100 nechlllllrullnlslrlllslmpieli
398 1023 488 1100 seipse
502 1024 576 1081 diem
591 1023 707 1081 Festum
729 1045 784 1082 non
801 1025 960 1103 profanant,
1012 1052 1016 1061 ¹

24 1105 216 1244 3:302?an
229 1124 281 1182 per
294 1125 327 1163 en
340 1105 455 1174 laborat,
470 1105 532 1162 eum
547 1105 603 1182 ipsi
615 1103 785 1184 prohibitum
799 1107 836 1166 sit
849 1127 899 1185 per
908 1108 958 1166 illa

68 1267 181 1326 Eidem
195 1267 301 1328 ratione
315 1265 484 1344 prohibitum
499 1279 542 1325 est
555 1265 679 1326 lobornre
692 1287 744 1345 per
757 1269 958 1341 molendinum,
1073 1331 1079 1346 ,

25 1351 106 1425 qnod
120 1362 205 1408 sento
218 1362 268 1407 eut
281 1350 360 1425 equis
373 1349 472 1426 egitur.
513 1349 650 1413 Quaedom
664 1363 757 1408 tumen
782 1351 957 1411 molitoribus

24 1432 53 1488 in
69 1433 189 1489 decreto
203 1431 386 1490 Illustrissimi
402 1431 489 1487 Hovii
499 1431 706 1507 permittuntur.

66 1513 126 1570 IV.
138 1513 183 1570 Ex
198 1512 241 1570 his
255 1525 340 1589 patet,
351 1511 434 1570 etiem
449 1511 577 1570 illicitum
593 1527 663 1581 esse,
677 1514 809 1571 mandare
821 1527 960 1594 perpetuo

25 1595 142 1663 amenti,
158 1607 190 1652 ut
204 1594 311 1652 laboret
324 1593 479 1661 serviliter;
500 1594 565 1670 quio
588 1594 721 1651 mandens
743 1613 794 1672 per·
807 1609 957 1667 amentem,

25 1677 102 1733 sicut
112 1695 165 1753 per
173 1676 389 1733 instrumentum
400 1687 449 1732 eut
462 1695 513 1751 per
525 1675 636 1744 unimnl,
651 1675 774 1733 laborare
789 1691 957 1737 censeretur.

65 1757 134 1815 Neo
148 1759 249 1825 obstet,
264 1757 372 1814 licitum
387 1777 449 1814 esso
461 1756 512 1814 toli
524 1757 661 1825 mandere,
677 1770 709 1814 ut
722 1777 818 1815 munes
832 1760 897 1818 edat
911 1761 956 1819 die

22 1837 146 1914 jejunii:
167 1839 312 1916 disparitas
326 1838 401 1895 enirn
415 1850 467 1905 est,
492 1839 568 1914 quod
592 1839 726 1896 mandans
747 1859 802 1896 non
827 1853 959 1900 censetur

25 1939 76 1996 per
88 1933 229 1978 ementem
240 1921 322 1978 edere
333 1939 438 1989 carnes,
447 1919 487 1976 ita
495 1931 528 1976 ut
538 1931 602 1995 egat
610 1932 706 1978 contre
717 1921 958 1982 mortificationem

25 2001 149 2078 propriae
164 2002 271 2060 cernis:
293 2013 438 2058 censeatur
452 2001 517 2058 vero
527 2021 578 2077 per
591 2013 728 2059 umentem
743 2001 876 2061 laborare.

66 2081 150 2141 Hine
163 2083 260 2151 etium,
272 2094 305 2139 ut
319 2083 446 2141 observat
461 2081 564 2150 Collet‚
585 2102 641 2139 non
662 2083 728 2141 licet
743 2083 893 2141 Ethnieum
907 2096 957 2144 aut

26 2164 171 2222 infidelem
186 2165 324 2242 applicare
334 2164 371 2222 od
382 2183 466 2240 opera
475 2163 585 2220 servilis
593 2163 639 2221 dio
648 2165 799 2222 Dominico
809 2166 854 2223 vel
863 2165 958 2226 Festo·

65 2245 107 2302 V.
123 2245 207 2314 Nota,
221 2266 271 2323 pro
285 2245 419 2322 gmvitate
433 2244 557 2302 materioe
570 2244 598 2302 in
622 2246 741 2322 strepitu
759 2245 886 2322 judiciali
900 2251 958 2306 non

26 2328 64 2384 ita
81 2328 282 2385 attendendum
297 2346 358 2384 esse
371 2339 493 2403 tempus,
507 2325 591 2401 quim
615 2327 777 2402 qualitatem
798 2329 907 2405 operis;
927 2342 957 2387 et

27 2409 103 2465 idem
120 2422 164 2466 est
174 2428 224 2485 pro
235 2421 375 2466 mercatu:
388 2420 473 2484 atquo
486 2408 526 2466 itu
539 2408 564 2465 si
577 2407 621 2478 sit,
633 2428 660 2466 v.
670 2409 823 2487 g.·publies
832 2410 960 2470 venditio·

28 2491 140 2561 domins,
156 2491 314 2563 censebitur
327 2490 443 2548 materis
456 2489 555 2566 grevia

54 2651 94 2710 N.
109 2655 159 2711 88.
200 2651 257 2726 DE
280 2651 766 2794 CdUSlSZIlezlffifidNTlBUS
788 2653 929 2714 OPERA

29 2897 52 2956 l.
93 2895 201 2956 Canace
227 2901 392 2958 massam
445 2895 488 2955 ll.
520 2896 601 2956 Sunt
626 2899 783 2957 nenessitas.
837 2899 893 2958 ΙΙΙ.
914 2897 962 2958 Es.

300 3041 305 3054 ⁸
374 2979 489 3037 seimon
507 2979 616 3037 domni.

68 3139 270 3207 QUAENAM
293 3153 358 3199 sunt
381 3161 482 3211 cansae,
505 3142 542 3200 ob
565 3160 633 3219 quas
655 3142 791 3219 proediots
813 3161 897 3220 opero
911 3143 959 3201 die

31 3225 117 3282 Festo
129 3223 208 3282 licite
221 3224 346 3282 exerceri
359 3223 498 3301 possunt?

68 3307 93 3364 Ι.
110 3307 148 3364 R.
164 3305 263 3364 Solent
276 3305 409 3382 assignari
423 3303 467 3362 hm
481 3317 619 3380 quotuor:
640 3304 749 3362 soilioet
765 3305 811 3363 1⁰.
827 3304 959 3364 Necessi-

32 3400 80 3455 tas,
96 3389 143 3444 2⁰.
160 3387 255 3445 Pietas
268 3387 297 3443 in
311 3387 407 3444 Deum
421 3387 465 3444 vel
480 3387 647 3464 proximum,
661 3388 707 3444 3⁰.
721 3387 911 3456 Consuetudo,
930 3400 960 3446 et
981 3447 986 3452 ,

34 3472 76 3526 4⁰.
95 3468 288 3545 Dispensatio.
309 3469 359 3526 Ad
372 3467 421 3526 has
435 3480 554 3544 quotuor
567 3468 682 3544 reliqum
692 3469 727 3526 nb
737 3468 798 3527 aliis
812 3469 960 3546 ussignstae
1058 3523 1063 3536 ,

33 3549 127 3608 reduci
141 3562 269 3626 possunt.

71 3632 149 3696 Quid
164 3631 331 3706 intelligitur
343 3651 395 3708 pes
406 3630 623 3690 necessitatem?

71 3713 112 3770 ll.
127 3712 164 3770 R.
179 3712 350 3788 Intelligitur
361 3713 436 3770 salus
460 3713 506 3770 rol
519 3713 694 3771 oonmwntio
710 3712 832 3790 eorporis
846 3712 961 3791 proprii,

34 3795 75 3852 rel
90 3794 216 3863 alterins,
230 3806 280 3852 unt
293 3794 360 3851 boni
373 3794 538 3852 communis.

72 3875 147 3933 Item
161 3875 336 3933 conservatio
349 3875 391 3933 roi
404 3874 471 3933 aliis
495 3875 636 3951 perituras,
662 3875 777 3934 evitatio
800 3874 894 3934 omni
914 3875 956 3934 sel

34 3956 204 4016 incommodi
217 3956 356 4030 noubssis,
372 3957 424 4017 &u
465 3956 543 4016 Hine
557 3957 680 4017 deduces
694 3957 859 4033 sequentia:
