2240 4060
418 211 542 272 runnu*
929 195 967 257 vti

88 441 150 502 DE
173 439 273 498 FINE
295 437 349 497 ET
369 437 504 498 Monts
524 435 734 498 IMPLENDI
755 436 914 498 LEGEM.
958 435 960 447 '

18 603 88 712 48⁸¹
94 653 143 710 De
154 651 210 708 fine
224 661 253 708 et
267 649 357 706 modis
371 645 506 726 implendi
520 645 621 722 legem,
818 691 826 708 .
908 597 968 710 32⁸2

21 721 70 793 49
95 735 145 792 De
159 731 251 790 modis
264 730 416 798 charitatis,
438 729 558 795 habitus,
580 729 641 796 dcc..
820 772 829 790 .
909 734 969 790 324

22 819 72 876 50
96 817 145 874 De
161 814 244 870 modo
251 812 391 906 'operandi
405 810 526 870 scienter
540 821 569 866 et
582 770 747 880 volitntarid,
907 815 968 872 325

24 899 66 955 51
96 896 168 954 De
160 885 314 952 intentione
329 892 518 950 satisfaciendi
532 889 597 968 legi,
820 934 828 952 .
931 895 970 955 ib.

26 981 73 1036 52
96 979 146 1036 De
161 963 244 1033 niodo
258 995 314 1062 quo
328 987 407 1032 actus
421 973 491 1049 legis
505 973 553 1030 fiat
569 971 694 1041 honeste,
715 973 779 1042 dte,
909 979 968 1036 377

27 1063 74 1118 53
99 1062 150 1117 An
161 1077 244 1114 unico
254 1069 333 1114 actus
343 1055 432 1133 possit
441 1054 568 1114 satisfieri
580 1054 704 1131 pluribus
714 1057 873 1132 praeceptis,
910 1058 970 1116 329

30 1144 77 1199 54
100 1142 150 1198 An
178 1125 276 1199 eedem
305 1150 432 1214 ternpore
460 1135 550 1213 possit
573 1135 702 1194 satisfieri
725 1137 850 1212 pluribus

94 1289 97 1296 Δ
160 1221 309 1298 praeceptis
322 1239 373 1296 per
386 1218 481 1296 plures
495 1229 584 1288 actus,
730 1257 738 1274 .
818 1261 827 1278 .
911 1221 972 1278 330

165 1381 223 1462 DE
245 1381 379 1458 MODIS
401 1379 554 1446 QUIBUS
573 1377 659 1438 LEX
679 1378 846 1442 CESSAT.

37 1549 78 1606 55
102 1546 151 1605 De
165 1543 255 1604 modis
269 1544 369 1620 quibus
382 1543 429 1600 lex
443 1555 544 1614 cessat,
639 1584 648 1602 .
729 1586 738 1602 .
821 1587 829 1604 .

37 1632 79 1687 56
104 1629 171 1686 De'
164 1626 391 1704 interpretatione
405 1623 485 1702 legis,

38 1713 79 1768 57
103 1711 150 1768 De
165 1709 275 1786 epykia,

38 1795 81 1850 58
104 1792 151 1848 De
161 1788 349 1866 abrogatione,
365 1785 551 1863 derogatione
556 1798 585 1843 et
598 1783 753 1846 irritatione
768 1788 846 1865 legis,

39 1875 84 1932 59
107 1873 153 1930 De
167 1870 368 1930 consuetudine
382 1867 594 1943 contralegem,

41 1955 83 2012 60
107 1954 154 2012 De
172 1952 312 2030 requisitis
332 1962 365 2008 ut
386 1950 434 2010 lex
454 1964 545 2008 cesset
557 1969 608 2026 per
621 1951 852 2024 consuetudinem

165 2033 210 2090 via
223 2031 450 2110 praescriptionis,
732 2073 740 2090 .
821 2074 830 2091 .

43 2118 82 2172 61
107 2115 154 2174 De
168 2113 369 2172 constretudine
383 2112 475 2190 legem
489 2111 649 2182 inducente,
731 2155 740 2172 .
822 2153 831 2170 .

44 2199 87 2254 62
109 2197 154 2254 De
168 2196 321 2254 cessatione
334 2195 404 2272 legis
417 2216 468 2272 per
481 2194 663 2254 cessationem
677 2191 749 2268 finis,
851 2256 855 2268 ,

46 2281 89 2334 63
110 2277 155 2336 De
170 2277 376 2354 dispensatione
390 2277 421 2334 in
433 2278 550 2354 legibus,

47 2360 90 2416 64
110 2359 244 2423 Quisnam
260 2358 347 2437 possit
361 2357 390 2414 in
404 2358 466 2434 lege
480 2359 650 2432 dispensare,
733 2399 741 2415 .
825 2401 831 2414 .

48 2443 90 2498 65
112 2441 157 2499 De
178 2441 295 2507 casibus,
317 2439 347 2495 in
370 2438 471 2514 quibus
486 2439 645 2516 Episcopus
668 2437 809 2516 dispensat
827 2441 855 2499 in

169 2521 232 2598 lege
247 2521 291 2578 vel
305 2519 406 2596 injure
421 2521 573 2598 pontificio,

50 2606 91 2662 66
111 2603 156 2662 De
166 2602 243 2679 justa
253 2621 336 2660 causa
349 2601 570 2678 dispensationis,

51 2687 91 2742 67
112 2685 156 2742 De
171 2683 375 2760 dispensatione
386 2685 450 2742 data
462 2685 522 2742 sine
533 2702 625 2753 cause,

53 2769 92 2824 68
114 2766 157 2824 De
171 2765 376 2840 dispensatione
390 2765 555 2842 subreptitia
569 2779 598 2822 et
611 2765 768 2842 obreptitia,

53 2849 92 2908 69
115 2850 158 2904 An
191 2845 361 2940 dispensatio
380 2847 528 2924 obreptitie
553 2847 597 2904 vel
619 2847 783 2923 subreptitie
807 2847 855 2905 ob

170 2940 249 2986 tenta
262 2927 299 2984 sit
312 2927 413 2998 valida
650 2970 658 2986 .

54 3011 94 3066 70
117 3011 161 3068 An
183 3021 309 3068 cessante
332 3027 416 3066 causa
437 3007 652 3084 dispensationis
673 2969 748 3067 finali
768 2971 856 3082 totsii,

171 3089 254 3147 etiam
271 3090 440 3166 dispensatio
455 3104 554 3160 cessat,

56 3173 91 3228 71
115 3171 159 3228 De
170 3171 337 3248 Priviiegiis‚

58 3255 95 3310 72
115 3253 159 3310 De
172 3253 326 3318 cessatione
336 3252 407 3328 legis
418 3273 468 3331 per
481 3253 663 3312 mutationem
679 3253 802 3313 materiae
815 3255 857 3312 vel

172 3333 289 3410 subjecti
303 3354 354 3410 per
367 3334 568 3411 impotentiam,
590 3335 652 3404 δια,

59 3419 98 3476 76
119 3416 162 3473 An
177 3427 303 3474 cessante
317 3427 395 3492 pane
415 3416 495 3492 legis,
516 3430 608 3476 cesset
626 3428 685 3474 tota
698 3416 753 3486 lau,

59 3499 98 3556 tt
117 3497 257 3574 Repetitio
271 3497 371 3566 brevis,

199 3649 202 3656 ’
222 3657 280 3717 DE
300 3657 413 3717 LEGE
434 3655 629 3717 POSITIVA
649 3657 809 3720 DIVINA.

62 3823 98 3880 75
117 3823 159 3880 De
173 3822 235 3898 lege
249 3821 346 3890 vetent
561 3862 569 3879 .
650 3861 659 3878 .
741 3863 749 3882 .
830 3866 839 3884 .

62 3907 99 3962 76
119 3905 160 3962 De
170 3903 293 3964 bonitate
308 3915 337 3962 et
350 3897 483 3980 subjectis
494 3902 565 3980 legis
576 3905 687 3976 veteris,
