2226 4064
169 82 230 142 att
543 99 739 146 rescrsrus

169 257 199 304 et
212 245 254 304 sic
267 244 297 304 in
311 244 420 322 Belgio,
442 245 482 304 ait
495 242 618 322 Zypaeus
632 247 660 305 in
685 247 813 324 proemio
832 250 868 308 ed
882 251 1010 310 notitiem
1024 231 1107 314 ἄιιιί

168 328 289 404 Belgio,
303 327 351 386 lex
365 327 488 403 obligare
502 346 560 384 non
573 328 655 398 solet,
669 329 723 386 nisi
736 329 766 388 iu
779 331 896 407 singulis
907 331 1096 396 Provinciisac

169 409 340 504 singularum
356 408 564 503 Metropolibus
578 411 756 486 promulgate
770 412 863 506 luerit,
878 415 1011 490 additque
1027 417 1096 475 Con·

168 491 232 548 cilia
246 491 432 548 Provmorelra
446 503 598 566 antequam
611 493 799 568 promulgatio
821 495 879 565 fiet,
899 495 991 572 legem
1011 497 1095 556 solere

168 571 336 640 examinare,
351 591 387 630 an
397 571 455 649 juri
468 572 558 648 putrio
572 592 628 630 nou
642 575 804 649 refragetur.

208 651 344 711 Similiter
357 653 451 729 legum
466 665 496 710 et
510 664 677 712 statutorum
691 655 901 732 Episcopalium
914 659 1096 735 promulgatio

166 733 255 792 haeret
276 735 349 792 intra
371 734 505 792 terminos
525 733 598 810 juris
620 750 746 794 naturae:
766 739 892 813 edeoque
917 740 1032 810 sufficit,
1056 763 1096 800 ees

114 819 121 831 '
165 816 303 892 publicari
316 817 346 872 in
361 815 491 874 Ecclesia
505 814 675 884 Cathedrali,
690 830 739 876 eut
752 819 870 896 scriptas
883 821 959 896 affigi
983 822 1013 878 in
1038 823 1096 880 loco

48 911 50 920 ‘
164 897 279 973 publico
292 899 327 956 ad
342 896 396 956 hoc
410 897 564 973 designato,
588 898 641 956 nisi
655 899 757 958 iterum
780 904 962 974 consuetudo,
981 901 1032 980 jus
1054 925 1096 981 pa.

165 980 236 1050 triae,
252 980 304 1038 duc.
319 979 396 1037 aliud
409 979 560 1054 requirant.

180 1223 221 1280 Ν.
235 1225 264 1281 5.
305 1223 363 1282 DE
386 1222 757 1365 PROMULsIiAqu'JsIlffONE
778 1223 930 1286 LEGUM
951 1227 1077 1288 PAPA-

164 1468 187 1524 Ι.
213 1443 436 1529 consolatonis
448 1469 777 1629 ᾱοφηαέἶῗϊοόἰὶραηι,
799 1453 851 1530 elsi
864 1470 962 1530 Romu
987 1471 1093 1532 tontum

513 1581 515 1588 ·
617 1561 709 1609 wutae.

201 1712 552 1782 PRAENOTANDUM,
577 1714 636 1772 dari
660 1713 780 1789 duplicis
808 1714 917 1790 generis
945 1715 1025 1791 leges
1047 1737 1092 1775 seu

162 1795 377 1853 constitutiones
392 1797 572 1854 Pontificius:
593 1795 656 1853 aliae
670 1795 744 1852 enirn
759 1810 824 1853 sunt
838 1797 1017 1872 dogmaticae,
1036 1799 1092 1856 aliae

161 1895 218 1934 uon
232 1877 409 1953 dogmaticus
435 1882 437 1898 ¹

202 1959 353 2034 Quomodo
367 1959 444 2036 leges
459 1970 489 2016 et
503 1957 716 2019 constitutiones
742 1956 899 2016 Pontificio}
923 1959 1092 2036 promulgari
1106 2009 1107 2026 ,

160 2041 287 2100 debent?
1106 2043 1107 2084 ἶ

200 2122 224 2178 Ι.
243 2121 277 2178 R.
293 2120 324 2179 si
338 2121 394 2178 sint
416 2120 591 2196 dogmaticas,
616 2133 649 2178 nt
672 2131 781 2178 certum
802 2118 898 2178 heberi
921 2121 1010 2179 debet
1034 2121 1107 2179 illest

160 2203 292 2278 obligare,
307 2202 417 2260 etiamsi
432 2203 533 2260 Romae
547 2203 656 2264 tantitm
680 2200 736 2258 sint
759 2201 928 2277 publicatae:
950 2202 1019 2277 quia
1040 2203 1092 2261 illis

161 2284 293 2342 Pontifex
307 2297 439 2359 tanquam
454 2282 548 2360 Caput
563 2283 701 2342 Eoolesiae
711 2280 759 2359 jus
773 2283 901 2340 naturale
914 2294 944 2340 et
966 2283 1092 2342 divinum
1106 2323 1107 2326 =

159 2365 301 2442 explicet:
322 2367 420 2422 omnes
433 2377 528 2424 autem
542 2365 763 2440 independenter
776 2365 813 2422 ab
826 2364 880 2422 ista
903 2365 1092 2440 publicatione

157 2459 291 2528 tenentur
309 2467 419 2506 serrare
439 2447 516 2522 leges
539 2447 679 2504 naturales
702 2457 731 2502 et
755 2445 872 2526 divinas,
896 2446 1092 2522 undecumque

158 2529 317 2604 acquiratur
330 2529 441 2586 illarum
455 2527 563 2596 notitIe,
577 2527 635 2585 sive
650 2548 685 2584 ex
698 2527 819 2603 publica,
842 2527 901 2584 sire
923 2547 959 2586 ex
984 2528 1092 2604 privata

157 2607 351 2677 instructione,
364 2611 415 2668 aut
428 2629 464 2667 err
477 2609 589 2686 proprio
603 2609 706 2666 studio.
763 2617 765 2624 ’

199 2691 378 2768 Quapropter
390 2691 566 2748 definitiones
581 2689 725 2749 Pontificio
739 2710 776 2748 ex
791 2688 931 2749 Cathedra
953 2689 984 2748 in
1009 2693 1091 2750 rebus

157 2773 224 2831 fidei
238 2774 416 2842 velmorum,
430 2771 628 2847 condemnatio
648 2769 766 2848 alicujus
780 2771 843 2829 libri
858 2772 902 2828 vel
915 2773 1011 2848 prauis
1034 2785 1091 2832 tuu-

157 2875 242 2930 quam
255 2855 322 2912 fidei
333 2856 379 2912 rel
391 2853 514 2911 moribus
525 2854 679 2922 contrmiae,
694 2854 745 2912 &u
759 2855 794 2910 ab
808 2853 937 2910 omnibus
950 2856 1091 2932 acceptari

39 2989 43 2998 ,
157 2939 270 3006 debent,
286 2936 379 2994 stetim
394 2955 428 2993 ac
441 2935 619 2994 innotescunt
630 2955 638 2992 t
651 2947 735 3010 etque
749 2935 779 2992 id
789 2955 885 2992 verum
901 2945 944 2994 ost
953 2935 1090 3012 indepen-

157 3019 256 3077 denter
269 3015 386 3077 etiami
400 3017 545 3074 Pontificio
558 3016 755 3074 infallibilitate
767 3039 774 3084 ;
794 3036 859 3074 nam
878 3015 933 3074 hoc
952 3019 1090 3094 competit

155 3100 289 3158 Pontifici
302 3111 433 3175 tunquam
450 3097 587 3175 Supremo
602 3097 705 3174 Capiti,
729 3109 759 3154 et
774 3097 903 3164 Pastori;
921 3096 1004 3174 cujus
1029 3099 1090 3156 offi-

155 3183 232 3240 cium
246 3193 289 3240 ast
297 3181 346 3258 jus
360 3179 485 3239 umurelo
509 3191 539 3238 et
561 3179 686 3237 divinum
708 3179 857 3256 explicere,
881 3191 915 3238 et*
934 3179 1090 3256 petulantia

154 3264 267 3342 ingenia
280 3271 418 3322 coercere.

172 3373 176 3382 ·
197 3346 228 3404 Si
242 3346 308 3402 vero
322 3343 537 3402 constitutiones
550 3362 608 3400 non
629 3341 686 3400 sint
699 3340 876 3418 dogmaticae,
890 3343 942 3400 sed
955 3341 1089 3400 Pontifex

88 3415 90 3422 ’
153 3427 268 3502 aliquod
275 3425 434 3502 jusuorm
444 3425 554 3492 condat,
566 3433 629 3500 ug.
638 3437 723 3500 ponet
733 3442 837 3494 norum
852 3422 1088 3498 impedimentum

152 3507 331 3574 metritnonii
360 3507 405 3564 rel
428 3525 528 3564 novam
552 3505 755 3564 ordinationem
782 3505 992 3575 beneficiorum,
1016 3519 1088 3563 tunc

154 3587 298 3644 Authores
312 3587 377 3644 Itali
391 3587 493 3663 aliique
501 3585 597 3663 plures
611 3583 774 3656 statuunt&
784 3586 929 3644 voluntate
941 3585 1089 3645 Pontificio

151 3665 284 3744 pendere,
298 3685 334 3725 au
346 3668 533 3744 promulgetis
547 3668 648 3732 Romoe
662 3669 736 3726 fecta
756 3667 875 3726 sufficiet
896 3667 942 3726 vel
966 3687 1033 3737 nou,
1055 3681 1088 3724 ut

151 3765 249 3806 omnes
262 3748 361 3806 fideles
373 3749 542 3825 ubioumque
556 3749 690 3824 degentes
703 3749 817 3825 obliget.
859 3749 946 3810 Recio
968 3749 1085 3808 illarum

151 3842 202 3901 est,
217 3831 283 3906 quia
295 3827 379 3890 hebet
397 3830 530 3894 Portu:
543 3828 560 3890 o
574 3829 686 3892 enisu
697 3830 917 3914 ⁸plenitudinem
932 3831 1083 3911 potestatis
