2188 4052
283 125 347 166 *on
368 127 512 170 warenn
535 127 613 168 sesi.
872 116 927 172 173

45 271 107 336 Quis
120 270 201 328 timor
214 282 330 328 vocator
342 272 458 332 filialis?
730 309 732 316 ,

44 353 87 410 VI.
108 353 143 410 R.
165 352 226 422 Ille,
251 372 307 427 quo
330 353 446 412 timetur
468 355 573 414 offense
595 353 672 412 Dei-t
693 354 796 412 dicitur
820 353 922 425 filialis,

13 436 64 510 quia
75 434 150 511 probi
164 433 213 490 filii
235 433 327 492 solent
348 436 541 498 mandatorum
566 437 652 511 patris
677 437 923 513 transgressionem

13 519 101 584 tmere,
115 535 150 572 ne
164 535 228 572 eum
242 514 393 586 offendant,
408 529 438 576 at
451 517 668 594 eidiepliceant.

43 597 101 654 VII.
122 597 219 654 Timor
232 597 335 656 dicitur
358 599 475 667 servilis,
497 619 554 674 quo
577 598 694 657 timetur
717 598 835 676 poenaa
858 600 925 658 Deo

13 678 149 754 infligenda,
163 697 198 736 eo
212 679 306 746 modo,
315 698 371 754 quo
382 680 454 737 servi
464 681 555 738 solent
565 680 708 758 praecipue
718 682 818 740 timere
829 701 924 759 peenas

13 762 50 818 tibi
62 761 77 817 i
89 760 212 818 Domino
226 760 402 836 infligendas.
528 775 531 782 ·

41 841 114 898 VIII.
135 841 234 899 Timor
246 841 370 910 initialis,
385 842 465 901 Inter
478 843 607 902 servilem
622 854 652 902 et
664 843 776 902 filialem
802 844 925 910 medius,

13 923 46 982 ille
58 935 103 991 est,
112 942 170 998 quo
183 923 299 982 timetur
312 935 472 1000 utromque,
487 925 593 983 offensa
603 937 632 982 et
647 945 738 1002 poena,
749 925 855 983 offensa
867 926 924 1002 pri·

13 1005 86 1072 ostili,
99 1023 182 1081 poene
196 1004 380 1064 secundarid:
401 1019 517 1069 vocatur
536 1007 659 1076 initialis,
684 1007 762 1082 quasi
780 1007 924 1070 initialiter

13 1086 91 1154 filialis,
104 1087 270 1162 proveniens
285 1106 320 1143 ex
334 1087 437 1145 affectu
459 1088 546 1157 filiali,
569 1089 619 1145 sed
641 1087 765 1146 nondtim
789 1088 828 1145 ita
848 1089 923 1154 forti,

13 1169 59 1244 quin
84 1167 176 1225 adhuc
204 1167 296 1230 fulciri
324 1169 424 1230 debeat
458 1169 678 1234 consideratione
712 1188 866 1246 poenarum,
896 1183 925 1226 et

13 1249 91 1324 deinde
104 1249 170 1324 quia
183 1249 299 1327 reperiri
313 1249 385 1308 solet
399 1250 428 1307 in
447 1249 606 1310 hominibus
626 1251 706 1309 Initio
728 1271 787 1308 eoae
809 1270 924 1308 conver-

13 1349 83 1392 oonts.

13 1409 14 1434 ¹
40 1412 127 1474 Qualis
141 1424 186 1470 est
201 1412 284 1470 timor
297 1432 387 1489 poenae
402 1413 515 1474 damni?

41 1494 69 1550 R.
87 1493 315 1570 Distinguendo:
331 1495 355 1552 si
369 1515 451 1571 poena
464 1495 512 1554 illa
525 1497 658 1554 timeatur
668 1495 756 1553 solirm
772 1508 804 1558 ut
818 1496 923 1562 malum

13 1593 122 1642 tortium,
137 1575 224 1634 timor
237 1575 285 1634 ille
299 1577 421 1664 pem‘net
434 1577 470 1635 ad
484 1578 632 1636 servilem:
653 1578 677 1634 si
701 1580 768 1638 vend
781 1598 863 1655 poena
876 1578 925 1634 illa

14 1657 118 1713 ineatur
131 1669 265 1733 tanquam
280 1657 419 1735 separatio
432 1659 467 1717 ab
481 1661 580 1728 amito,
602 1671 710 1737 spectat
734 1661 770 1717 ad
793 1660 923 1724 timorem

13 1739 109 1796 illelom.

13 1829 15 1890 ξ
40 1822 78 1875 An
90 1821 177 1876 timor
190 1820 298 1878 servilis
312 1833 341 1878 et
354 1821 447 1879 filialis
461 1821 554 1897 specie
567 1822 727 1884 differant?

40 1901 82 1958 IX.
103 1901 141 1960 R.
156 1921 221 1960 oum
238 1902 269 1962 S.
283 1902 385 1960 Thom.
404 1915 456 1962 art.
478 1906 507 1961 5.
528 1903 710 1968 affimative:
730 1904 796 1980 quia
812 1903 923 1966 *hebent

13 1983 95 2057 'abjecta
119 1984 248 2040 formalia
268 1984 362 2062 specie
384 1985 531 2044 distIncta:
553 1985 693 2061 objectum
718 1987 793 2044 enim
813 1984 922 2044 timoris

16 2065 93 2122 servilis
102 2077 145 2122 est
156 2066 262 2122 malurn
272 2085 371 2143 perenm,
387 2069 462 2144 quod
474 2079 517 2124 est
531 2068 636 2124 malum
650 2080 785 2134 nostrum,
800 2079 829 2124 et
839 2067 922 2125 timor

14 2146 127 2208 rifilialis
142 2159 188 2204 est
203 2146 308 2206 malum
322 2147 422 2224 colpe,
437 2150 512 2224 quod
534 2148 649 2210 timetur
670 2163 702 2206 ut
724 2149 829 2208 malum
854 2167 922 2223 quo-

14 2227 135 2286 dannodo
151 2227 220 2295 Dei,
236 2229 300 2303 quia
313 2229 354 2286 illi
368 2228 543 2305 injuriosum.
767 2249 771 2254 ·

41 2311 76 2365 In
89 2309 174 2366 etiam
191 2310 277 2368 timor
290 2310 404 2372 initialis
418 2312 511 2388 specie
526 2310 619 2369 differt
633 2309 650 2368 ia
663 2311 765 2369 filiali?

40 2390 66 2445 X.
84 2391 118 2448 Il.
133 2411 211 2448 cum.
229 2391 258 2449 S.
273 2390 374 2448 Thom.
388 2405 439 2449 art.
454 2395 482 2450 8.
497 2393 644 2469 negative:
669 2394 734 2468 quia
748 2392 832 2450 habet
845 2392 921 2456 idern

16 2471 123 2546 objectum
139 2473 315 2549 primarium,
328 2473 436 2532 scilicet
450 2474 584 2532 offensam
599 2475 665 2543 Dei,
680 2476 750 2532 adeo
772 2487 804 2531 ut
828 2470 921 2533 soldm

15 2553 113 2610 *lilennt
126 2573 217 2630 penes
232 2555 388 2631 perfectum
402 2568 431 2612 et
445 2555 649 2632 imperfectum.

42 2637 235 2693 increscente
249 2635 384 2694 charitate
399 2636 534 2694 minuitur
547 2637 653 2694 timor?

42 2716 81 2774 II.
101 2717 137 2774 R.
152 2737 219 2774 cnm
237 2717 266 2776 S.
281 2716 382 2776 Thom.
397 2730 448 2776 art.
474 2720 520 2776 10.
540 2718 674 2776 minuitur
696 2719 780 2776 timor
804 2718 920 2784 senilis,

15 2799 169 2873 ,elongetur
184 2799 267 2856 timor
281 2798 391 2857 filialis:
413 2800 478 2875 quia
503 2801 606 2876 quanto
631 2799 719 2876 magis
745 2801 807 2875 quis
828 2799 920 2873 diligit

17 2879 104 2953 diquem
119 2899 218 2941 amore
232 2881 372 2950 amicitiae,
388 2883 467 2942 tantd
484 2882 570 2956 magis
584 2881 665 2946 timet
680 2882 706 2939 ei
721 2881 876 2959 displicere,
892 2891 921 2936 et

16 2964 68 3017 tanto
80 2963 172 3018 minus
186 2963 269 3020 timet
282 2981 387 3039 prenae.

43 3045 78 3100 ,In
90 3044 177 3100 timor
191 3059 286 3101 manet
299 3044 327 3100 in
343 3045 445 3104 Coeloi

42 3124 68 3180 R.
80 3144 151 3182 cnm.
169 3125 199 3183 S.
215 3123 316 3182 Thom.
331 3128 424 3192 arod.
438 3127 517 3184 nullo
539 3128 623 3184 modo
648 3128 676 3184 in
691 3126 773 3186 Celo
797 3136 921 3192 remanet

16 3203 73 3261 timor
84 3206 209 3273 servilis;
231 3207 295 3281 quie
309 3197 347 3266 ibi
361 3208 439 3268 nulla
452 3228 534 3285 poena
557 3208 680 3266 timenda
704 3218 818 3285 propter
842 3225 921 3272 sectr·

22 3287 95 3344 itatem
109 3288 302 3346 beatitudinis.
346 3290 444 3348 Timor
458 3303 551 3348 tanen
565 3289 657 3348 filialis
682 3289 709 3348 in
725 3289 805 3348 Coelo
829 3307 924 3364 perse·

23 3381 68 3424 rent
80 3381 106 3426 et
118 3369 359 3447 perficiturjuxta
373 3372 442 3428 illud
458 3371 563 3430 Psalmi
589 3372 634 3428 18.
660 3371 695 3429 V.
724 3372 769 3434 lo.
793 3377 811 3405 “
824 3370 912 3439 Timo·

24 3449 138 3507 “Domini
153 3463 278 3520 sanctas,
293 3471 458 3529 permanens
473 3453 501 3510 in
516 3452 649 3514 saecolum
665 3451 787 3518 saecoli.''
901 3485 905 3496 ·

47 3530 97 3588 III.
111 3533 171 3589 Pro
185 3553 242 3608 quo
257 3535 373 3592 observa
385 3555 421 3592 ax
438 3535 468 3592 S.
483 3533 585 3592 Thom.
604 3536 628 3592 l.
644 3537 672 3591 2.
686 3545 786 3610 qnaest.
807 3535 855 3598 67.
872 3553 905 3603 ar

26 3615 104 3686 tqndd
118 3615 207 3672 timor
218 3615 311 3672 filialis
324 3615 425 3676 habeat
439 3617 509 3674 duos
524 3628 612 3684 actus,
624 3616 749 3674 scilicet:
768 3615 810 3672 1⁰.
824 3615 905 3673 timer

26 3696 191 3767 sperationem
207 3695 225 3754 ai
239 3697 322 3756 Deo:
336 3710 365 3756 et
380 3699 512 3773 quantita
523 3698 560 3764 ad
570 3696 750 3762 honeactum
764 3715 819 3758 non
831 3715 906 3760 mant

27 3773 41 3826 in
49 3776 130 3834 Colo:
148 3789 179 3834 et
191 3779 240 3835 2⁰.
254 3779 373 3836 revereri
383 3779 487 3846 Deum,
503 3791 531 3836 et
543 3780 678 3853 quantdm
691 3780 725 3836 ad
736 3777 811 3848 hpnc
822 3787 914 3847 actoru

25 3871 100 3916 noct:
120 3879 187 3917 nam
205 3859 287 3917 Beati
301 3862 509 3919 considerantes
524 3861 717 3918 celsitudinem
734 3860 790 3918 Dei
805 3871 832 3915 et
848 3876 922 3928 suan.

434 3961 453 4004 Q
470 3945 487 3998 3
