2228 4076
172 189 242 250 nst
556 207 750 253 reserares

180 351 363 414 melioribusr
383 349 449 428 quia
462 350 581 412 charitas
595 355 722 414 ordinem
735 364 843 414 naturas
864 371 921 414 uon
943 366 1043 422 ιιιιιιιι,
1062 355 1102 412 sed

181 436 299 512 perficit,
321 449 355 492 ιιι
368 436 408 492 ait
423 434 453 492 S.
469 433 572 494 Thom.
585 439 655 496 ordo
675 449 771 496 autem
795 437 869 496 inter
892 437 1102 515 consanguineas

181 515 227 576 hic
242 518 407 575 statuendus
422 527 485 574 est:

223 597 274 656 Vl.
292 603 333 658 1⁰.
355 598 490 656 Parentes
503 597 531 654 in
547 599 713 659 necessitate
727 611 863 670 extrema,
884 599 933 657 uhi
948 599 1007 658 rita
1020 617 1103 660 eorum

181 679 364 760 periclitatur,
379 680 547 758 proeiereudi
560 693 627 739 sunt
640 683 770 740 ominibus
793 681 886 755 aliis,
887 682 975 740 etium
999 682 1063 740 filiis
1082 695 1104 740 et

182 761 273 821 uxori.

224 845 264 902 20.
285 842 433 920 Paterper
446 863 477 901 ss
499 842 641 919 loquendo
665 845 856 922 praeferendus
880 843 1109 916 mentemst

182 925 304 983 nobilius
319 925 404 1000 prolis
418 925 584 1002 principium
600 924 683 1001 quim
699 940 795 984 mater.

224 1007 272 1062 30.
290 1003 395 1064 Uxor
383 1025 400 1063 a
413 1007 514 1064 marito
528 1007 653 1084 praelerri
666 1009 751 1066 debet
764 1007 838 1077 liliis,
858 1018 888 1066 ct
901 1007 982 1066 filii
968 1027 986 1065 a
999 1009 1106 1086 parenti·

183 1090 235 1144 bus
249 1088 416 1164 praeferendi
431 1101 497 1150 suut
511 1089 650 1146 fratribus.

224 1173 273 1226 40.
289 1169 398 1227 Fratres
412 1189 537 1248 praeponi
528 1171 656 1228 debent
669 1169 804 1248 cognatis,
818 1182 848 1228 et
861 1190 897 1228 ex
911 1168 957 1229 his
973 1168 1109 1231 viciniores

182 1251 350 1329 proelerendi
363 1265 429 1309 sunt
442 1251 646 1312 remotioribus.
1108 1249 1109 1268 ³

226 1333 258 1389 ln
274 1333 378 1411 dispari
391 1334 559 1392 necessitate
573 1335 711 1392 ordinaris
725 1332 916 1412 preferendus
930 1347 977 1394 est
991 1334 1050 1404 illc,
1069 1333 1109 1410 qui

184 1426 228 1472 ast
241 1413 270 1471 in
284 1415 451 1473 necessitate
464 1413 572 1492 majori.
1108 1427 1109 1432 ’

225 1495 314 1554 Filius
322 1507 351 1554 et
362 1497 465 1575 conjux
476 1497 630 1572 diliguntur
639 1497 783 1567 intensius,
795 1495 879 1573 quiam
888 1511 1024 1574 parentes
1035 1519 1043 1556 ι
1056 1495 1109 1570 quir¹

183 1595 256 1636 uxor
269 1597 334 1636 cum
349 1578 450 1636 marim
464 1591 507 1636 est
522 1599 577 1635 una
591 1599 664 1646 caro,
679 1593 709 1636 et
721 1579 787 1655 quia
810 1592 890 1656 pater
912 1580 1009 1656 diligit
1034 1579 1109 1656 lilium]

184 1671 217 1716 ut
231 1657 337 1734 aliquid
351 1663 404 1729 sui,
417 1680 474 1717 non
487 1659 529 1718 sic
542 1660 617 1717 filius
635 1675 754 1738 patrem.
1108 1675 1109 1736 j

228 1739 305 1798 Hinc
326 1742 484 1811 deducitur,
508 1743 584 1818 quod
606 1742 635 1799 in
660 1762 727 1799 cura
747 1740 884 1800 ordinaria
907 1739 1109 1801 assuuntur

186 1820 289 1898 coejnx
302 1821 384 1890 tilios,
400 1822 451 1880 lilii
465 1835 592 1900 parentes
606 1825 782 1882 antecedant.
1108 1833 1109 1844 ¹

228 1903 400 1974 Notandum,
416 1905 550 1981 praedicta
563 1905 745 1980 intelligenda
757 1925 818 1962 esse
832 1923 882 1981 per
902 1925 933 1962 se
960 1905 1105 1998 loquendo

186 1987 253 2061 quia
266 2005 302 2044 cx
315 1987 530 2045 circumstantiis
540 1986 753 2064 particularibus
764 1987 832 2044 ordo
846 1987 1015 2079 praecedens
1028 1987 1105 2044 ratim

186 2081 298 2145 potest:
312 2068 353 2126 sic
367 2081 456 2126 mater
469 2069 542 2125 bona
556 2082 585 2126 et
599 2068 768 2144 sedulaplus
782 2067 931 2142 diligenda,
945 2069 1034 2148 quarn
1046 2055 1109 2145 patei

187 2149 278 2207 malus
292 2162 321 2208 et
335 2150 492 2249 dissipator.
527 2149 621 2208 Etiam
632 2149 739 2207 ratione
753 2149 838 2206 officii
850 2149 894 2206 rel
908 2151 1109 2226 specialisoh
1072 2147 1109 2204 hli-

187 2231 315 2308 gationis,
327 2231 381 2307 quir
392 2232 454 2307 quis
464 2231 646 2308 obstringitur
656 2251 711 2288 non
720 2231 853 2307 sanguine
860 2229 970 2307 junctis
979 2239 1109 2290 succurre

185 2333 225 2382 re,
246 2314 315 2370 ordo
329 2313 377 2370 ille
392 2313 529 2381 variatum
543 2334 615 2382 nam,
640 2313 732 2388 inquit
747 2313 928 2390 Steyaertius,
944 2315 1109 2392 verissimus

185 2407 238 2466 est,
251 2394 395 2454 Pastorem
410 2394 512 2453 arctius
525 2395 613 2452 teneri
624 2395 659 2452 ad
671 2395 879 2452 instructionem
888 2407 924 2450 et
934 2395 1109 2454 directiones

186 2477 361 2536 subditorum
376 2497 499 2544 suorum,
514 2475 599 2552 quem
614 2477 891 2552 consanguineorum,
916 2477 968 2552 qui
994 2479 1048 2536 sub
1068 2476 1107 2533 alit

187 2558 302 2617 Pastore
316 2558 461 2616 constituti
475 2571 549 2625 suin,
570 2559 624 2615 nisi
647 2559 719 2614 forte
743 2570 872 2634 ageretur
892 2557 928 2615 de
954 2559 1109 2617 necessitati

186 2639 323 2714 spirituali
337 2655 479 2702 extrema:
472 2640 543 2696 ·sed
558 2655 628 2697 etri
601 2637 767 2717 riejusdem
783 2639 868 2696 officii
882 2639 1009 2697 subditis
1023 2641 1107 2717 passi!

187 2722 223 2780 ad
222 2722 430 2822 eleemosynas
446 2721 604 2816 corporales
619 2720 707 2796 magis
721 2733 833 2778 miretur
846 2739 882 2778 cx
896 2720 982 2778 bouis
996 2719 1107 2781 benefici

187 2804 240 2872 sui,
255 2801 338 2880 quiam
354 2802 575 2878 consanguineis
617 2802 661 2860 lta
677 2802 858 2880 Stsyaertius.

229 2884 360 2961 Denique
374 2885 559 2953 notandum,
551 2884 749 2942 inversionem
753 2883 858 2940 ordinis
882 2880 1034 2942 charitatis
1056 2887 1109 2942 intu

183 2990 239 3028 nos
248 2979 276 3026 et
284 2966 426 3044 proximos
435 2965 588 3024 rariirsesse
598 2977 745 3043 peccatum
756 2965 911 3034 mortulam
922 2967 1109 3034 necessitctcu

189 3065 343 3110 extremam
358 3047 491 3125 excipias.

299 3210 336 3270 ιι.
354 3210 420 3268 ιιι.
460 3207 518 3268 nn
541 3206 719 3268 acrinus
741 3207 1020 3270 cassurus

490 3327 527 3389 s,
546 3329 645 3390 raom.
659 3339 759 3408 queo.
774 3332 824 3388 ιι.

190 3458 214 3516 1.
234 3453 326 3517 Actus
341 3454 500 3512 ememus.
540 3451 581 3512 11.
601 3452 686 3512 Dens
699 3453 809 3530 mplica‘
821 3455 936 3512 ratione
946 3452 1029 3531 dilig

304 3535 361 3596 ΙΙΙ.
380 3533 432 3596 An
445 3535 558 3594 dilectio
570 3537 659 3594 amici
671 3533 774 3593 mlier
784 3533 873 3612 qurim
887 3536 1013 3595 inimici.

230 3695 403 3760 uoluunt
417 3708 483 3754 sunt
495 3707 575 3755 uatus
588 3716 639 3754 seu
653 3696 770 3756 effectus
792 3695 960 3757 charitatis?

232 3777 258 3834 1.
269 3777 305 3836 R.
316 3775 480 3852 Pnucrpalrs
491 3791 534 3836 est
544 3777 668 3844 dilectio
679 3779 764 3836 Hanc
775 3793 1064 3840 concomitautursex

192 3868 249 3916 tras
263 3856 374 3922 interni.
390 3858 532 3931 gaudimn,
546 3879 602 3936 pau
615 3872 645 3918 et
659 3860 867 3935 nrisericordiu:
888 3875 919 3922 et
931 3874 990 3924 tres
1005 3883 1046 3924 ex

192 3935 385 4012 beneficentia,
400 3937 579 4020 eleemosyna
592 3952 621 4001 et
634 3943 773 4020 comcptio
789 3942 920 4003 stamma
