2224 4050
140 94 182 152 28
508 109 704 162 rnscrswa

134 295 139 310 .
181 254 234 314 IV.
253 254 328 316 Item
341 255 483 314 miraculis
496 255 612 314 indubie
622 254 740 334 adjungi
762 256 847 318 dehet
870 255 1006 318 mirabilis
1027 251 1088 312 illa

141 338 206 396 fidei
221 349 324 396 uoshte
338 337 502 415 propagatio
515 339 545 394 in
559 337 720 396 uuiversum
734 340 830 398 orhem
844 339 918 398 iaetu
930 355 981 415 per
1005 355 1087 416 pau·

141 419 221 478 culos
234 418 396 495 piscatores,
411 438 515 494 eosque
529 420 622 488 rudes,
633 439 779 498 pauperes,
790 431 822 480 st
833 420 962 478 omnihus
976 416 1087 476 huma·

135 501 186 571 ,nis
198 500 337 578 presidiis
360 497 519 570 destitutos,
541 501 589 578 qui
610 501 795 577 predicantes
818 501 962 564 Christum
984 499 1089 558 cnaei·

142 583 239 652 fixum,
275 581 413 640 “Judseis
448 583 620 650 scandalum,
649 583 791 642 Gentibus
818 581 993 649 stultitiam,”
1026 579 1090 638 suh

134 662 227 742 hnjrm
231 623 398 740 Religionis,
411 661 556 722 hominnm
565 664 839 742 adoocupitlitatibus
847 661 1092 739 contrarire,jugo

141 743 320 822 subjecerunt
333 765 389 802 non
403 745 532 804 indoctos
546 745 638 804 solum
652 757 682 804 st
695 745 847 823 simplices,
862 745 912 806 sed
923 757 952 804 et
966 744 1091 821 sapien·

141 839 195 897 tes,
206 826 302 902 Reges
316 838 345 884 et
358 826 513 904 Principes,
527 826 706 888 sarientibus
720 826 868 906 Tyrannio,
882 826 1093 886 contradicent·

135 908 218 980 „ubam
238 907 426 984 Philosophis.

138 1039 142 1060 ,
184 991 247 1048 Nec
260 989 335 1046 ullus
349 1010 425 1048 sanae
438 990 541 1048 mentis
553 989 603 1048 illa
622 989 757 1050 uincula
770 1003 800 1048 et
813 991 888 1048 locta
908 1000 1017 1065 negare
1031 1005 1093 1065 po·

142 1083 208 1140 test,
223 1071 290 1147 quin
304 1090 415 1130 omnem
435 1071 520 1130 fidem
536 1071 671 1130 Historiae
693 1072 780 1130 etiam
791 1070 922 1130 humanae
943 1080 1095 1150 respuatr

142 1151 220 1227 quid
233 1153 257 1211 si
281 1152 344 1228 quis
357 1152 492 1212 miracula
511 1153 650 1230 perfracti
662 1166 755 1228 neget,
780 1154 806 1212 ei
828 1153 980 1212 dicendum
1000 1151 1094 1226 quod

142 1233 213 1292 dicit
222 1233 253 1292 S.
267 1236 343 1311 Aug.
357 1234 406 1294 lib.
419 1236 470 1292 22.
484 1240 502 1268 ‘⁴
511 1235 547 1292 de
559 1234 620 1293 Cir.
633 1233 717 1304 Dei,”
731 1254 796 1311 cup..
807 1237 836 1293 5.
877 1239 895 1268 ‘⁶
908 1233 973 1300 Hor
988 1249 1095 1292 unum

139 1320 162 1386 .“
176 1314 257 1377 nobis
277 1315 383 1390 grande
407 1315 574 1376 miraculum
597 1315 711 1383 sufficit,
744 1317 822 1392 quod
843 1328 980 1382 terraram
1001 1313 1097 1374 orbis

144 1401 163 1430 ‘⁴
178 1396 239 1454 sine
253 1397 393 1454 miraculis
407 1397 456 1454 illa
469 1397 602 1474 mysteria
616 1397 760 1455 credidis?
841 1453 845 1464 ,

184 1477 232 1536 ν.
243 1478 372 1538 Tertium
385 1479 579 1538 credibilitatis
592 1479 728 1536 usotivum
739 1478 894 1539 desumitur
907 1498 943 1538 ex
957 1476 1098 1546 oraculis

144 1558 357 1638 Prophetarum,
366 1561 415 1636 qui
429 1560 525 1617 multis
539 1561 614 1618 retro
624 1561 735 1618 saeculis
750 1560 817 1618 fidei
827 1573 930 1618 nostrae
944 1559 1099 1636 mysteria

139 1641 345 1718 predixerunt,
367 1659 403 1708 eo,
423 1661 536 1718 prorsus
557 1642 642 1701 modo
663 1654 807 1710 evenus-u,
828 1658 885 1716 quo
906 1653 1099 1708 eveum-unu

145 1723 240 1798 qualia
261 1736 336 1790 sunt,
362 1742 426 1798 quae
447 1735 577 1801 spectant
597 1723 633 1782 ad
658 1722 764 1783 Christi
776 1723 960 1792 nativitatem,
981 1722 1099 1788 vitam,

145 1817 274 1874 mortem,
289 1805 530 1874 resurrectionem,
545 1803 719 1864 vocatiouem
741 1805 876 1882 gentium,
896 1803 1099 1881 rejectionem

144 1884 320 1986 luteorum,
335 1887 387 1946 &a
400 1903 492 1963 eaque
511 1898 571 1947 tam
583 1887 658 1946 sara
671 1886 878 1981 armnptiaruut,
902 1899 935 1944 ot
946 1901 1006 1944 nou
1022 1897 1099 1944 mm

146 1967 958 2126 ‘illitttrn‘t'llttttltmtlltltm
972 2025 1101 2106 ...Μ

143 2130 233 2197 lunae
260 2129 279 2188 ia
310 2131 475 2194 Christianis
503 2132 630 2199 conficte,
658 2131 794 2207 singulari
819 2129 878 2188 Dei
904 2127 1103 2206 praudeant

146 2211 278 2272 effectum
294 2225 345 2283 est,
359 2225 393 2272 ut
405 2213 461 2289 ipss
451 2212 577 2281 'Judaei
591 2211 735 2288 religionis
754 2224 857 2278 nostrae
871 2209 966 2268 hostes
989 2211 1103 2268 infen-

73 2298 77 2314 “
146 2293 258 2362 nissimi,
273 2293 358 2352 libros
372 2294 436 2351 illos
450 2307 479 2353 et
493 2293 624 2352 vaticinia
643 2294 679 2354 ad
694 2292 756 2352 haec
769 2313 858 2420 usque
879 2305 1008 2396 tempora
1024 2305 1102 2350 stu·

147 2374 227 2434 diosc
241 2376 473 2436 conservaverint.
678 2391 682 2398 ’
783 2411 786 2418 -

188 2457 244 2594 Hils
258 2457 365 2516 addunt
379 2456 461 2514 multi
475 2455 588 2514 oracula
600 2455 763 2534 sybillarum
777 2475 827 2514 sen
840 2453 1103 2534 prophetissarum

167 2551 225 2598 eutr
237 2559 305 2596 rum.

146 2557 167 2615 g
189 2617 242 2678 Vl.
265 2617 403 2684 Quartum
423 2631 617 2694 argumentum
640 2617 758 2676 hahetur
771 2639 807 2676 ex
820 2617 997 2694 antiquitate,
1019 2619 1104 2676 uni·

146 2701 315 2770 ¹versalitatc,
344 2699 474 2758 firmitate
497 2713 527 2758 et
549 2699 760 2758 continuatione
787 2701 854 2758 filei
878 2713 997 2758 nostrae:
1018 2697 1104 2758 luaec

147 2782 313 2850 breviteret
326 2785 443 2840 nervose
457 2781 594 2857 expressit
610 2781 640 2840 S.
655 2784 734 2857 Aug.
748 2783 797 2840 lih.
811 2781 1102 2857 contrahipistolam

149 2869 168 2896 “
185 2863 386 2921 Fundamenti”
400 2863 513 2920 dicens:
535 2868 552 2896 “
563 2862 659 2920 Multa
672 2877 748 2933 suut,
762 2882 825 2938 quse
839 2883 884 2922 ms
899 2864 929 2920 in
943 2861 1104 2923 Ecclesia·

150 2949 169 2978 (i
262 2944 269 2958 ⁸
299 2943 305 2957 ⁸
355 2943 361 2957 ⁸
393 2944 399 2957 ⁸
557 2964 564 2978 ι
694 2944 700 2957 ”
1013 2943 1019 2956 “

150 3029 169 3060 .
183 2946 1105 3102 acclamaricucurreram

150 3111 169 3140 “
184 3120 213 3170 et
226 3117 364 3166 vetustate
375 3107 492 3164 firmata.
533 3105 625 3164 Tenet
638 3107 673 3164 ab
687 3107 749 3183 ipsa
763 3107 836 3166 Sede
849 3107 926 3168 Petri
938 3107 1103 3183 Apostoli,

150 3192 169 3222 ‘⁸
185 3189 231 3248 cui
251 3188 404 3265 pascendas
427 3206 493 3246 oves
517 3207 582 3244 suas
596 3187 737 3246 Dominus
761 3188 912 3257 mandarit,
934 3206 1022 3262 nsque
1055 3191 1104 3247 ad

151 3273 351 3410 :ppoepentem
375 3269 585 3410 Epigcppapnm,
613 3269 753 3330 successio
782 3270 985 3408 Spcerrlotumr
1003 3281 1105 3330 tenet

152 3437 171 3468 “
185 3369 469 3492 inthiqiriuipiiiiilta:
478 3370 731 3490 hahirishslhihniiia
740 3369 1106 3502 iillicleiiiliolilihuitiutsuh

150 3518 170 3582 ‚“
185 3534 281 3574 omnes
295 3513 420 3576 haretici
430 3534 463 3572 se
478 3511 639 3574 Catholicos
653 3513 709 3572 dici
722 3513 825 3574 velint:
840 3513 975 3590 quaerenti
988 3526 1106 3576 tamen

152 3599 172 3713 Ζ
186 3596 332 3736 peregrino
345 3594 448 3734 alicui,l
461 3595 510 3734 ulii
531 3595 566 3732 alti
581 3592 758 3653 Catholicam
775 3595 966 3738 crpnvppiatur,
987 3595 1105 3736 anglus

206 3691 381 3736 aeretroorum
404 3695 436 3732 ve
502 3695 626 3734 astream
654 3693 745 3748 snam,
765 3697 799 3736 rs
878 3695 954 3738 mum
980 3695 1018 3736 au
1044 3692 1105 3737 eat

152 3763 170 3826 ,“
186 3757 358 3820 ostendero.”
400 3757 547 3818 Hactenus
563 3756 593 3816 S.
608 3758 685 3834 Aug.

690 3993 745 4010 A
