2228 4076
155 85 217 142 220
530 103 719 146 rnrcrxrus

198 248 247 304 Au
261 248 391 324 equidem
406 267 462 306 non
476 248 543 307 licet
557 268 588 306 se
602 266 743 326 exponere
757 247 885 326 periculo
906 247 1018 326 peceati
1042 265 1084 324 pro

157 327 247 386 salute
261 331 404 406 proximi?
780 317 790 352 '

199 411 253 468 lll.
270 412 306 470 R.
320 411 444 470 Licitum
460 423 502 469 est
517 431 547 468 se
562 431 702 488 exponere
716 411 844 488 periculo
852 421 961 468 remoto
976 429 1087 487 peccet·

157 491 186 548 ‹li
201 512 252 568 pro
266 495 339 552 bono
353 493 491 570 spirituali
504 493 637 570 proximi;
652 492 705 551 hoo
716 494 789 552 enim
801 493 958 570 periculum
971 503 1088 549 contem·

158 575 188 630 ni
212 589 305 651 potest
330 596 363 634 ex
379 575 485 634 motivo
500 574 661 632 charitatis:
682 595 823 650 nunquam
849 587 945 632 tumen
970 573 1042 632 licet
1065 591 1088 628 se

158 677 299 732 exponere
323 657 449 734 periculo
473 657 609 733 pecc-audi
635 657 781 732 proximo:
803 656 868 731 quia
893 657 922 711 in
944 655 1106 712 moralibus·

157 738 233 796 idem
248 753 300 807 eet,
312 753 457 816 peceatum
469 739 654 806 ronrmittere,
664 751 693 794 et
703 758 734 795 se
745 738 869 813 periculo
880 737 958 794 illiue
969 735 1091 794 commit-

159 822 239 878 tendi
254 841 413 896 exponere:
428 821 502 878 umle
517 821 648 878 damnata
661 835 704 876 eet
719 819 779 877 haec
793 819 950 894 propositio
964 820 1004 876 ab
1019 819 1091 875 Inuo-

161 904 255 960 eentio
292 903 344 960 Xl.
380 902 535 960 “Licitum
563 914 606 958 eet
633 921 760 978 quaerere
785 901 893 958 directe
922 901 1106 958 occasionem

161 993 179 1016 ‘⁶
194 985 349 1059 proximam
364 985 507 1060 peccandi,
523 1003 573 1060 pro
585 984 658 1040 bouo
669 982 806 1059 spirituali
815 981 859 1040 vel
870 982 1026 1059 temporali
1039 999 1092 1038 uos·

163 1072 181 1098 “
197 1079 240 1122 tro
255 1067 299 1122 vel
320 1065 465 1142 pr·oxirr1i.'’
1100 1135 1102 1137 „

202 1146 332 1206 Charitas
347 1161 440 1204 tamen
454 1166 504 1223 per
517 1146 648 1203 occidens
662 1146 786 1220 requirit,
808 1157 840 1202 ut
853 1157 973 1222 propter
999 1145 1093 1201 bonum

162 1231 283 1305 proximi
297 1230 424 1304 quedam
440 1229 513 1284 bona
535 1227 690 1304 spiritualia
711 1235 767 1283 norl
788 1225 947 1283 necessarie
970 1227 1103 1284 omittam·

162 1326 228 1368 tur:
249 1312 290 1368 sic
311 1312 385 1367 filius
408 1310 537 1366 omittere
561 1309 646 1366 debet
666 1309 821 1384 ingressum
844 1308 1003 1384 religionis,
1025 1300 1106 1364 sirit}

163 1393 337 1452 necessarius
351 1391 540 1449 sustentandis
562 1391 732 1466 parentibus.

166 1555 203 1612 N.
223 1558 287 1614 138.
332 1555 390 1612 AN
408 1553 533 1612 HOMO
549 1552 723 1610 DEBEAT
738 1551 874 1610 MAGIS
896 1547 1106 1610 DlLIGERE²

221 1635 454 1695 PllOXlMUl‘I
486 1634 722 1694 SECUNDUM
757 1633 940 1692 ANIMAM
977 1629 1106 1698 QUAtr

222 1717 385 1778 COllPUS
407 1715 656 1776 PROPRIUMP
1105 1710 1106 1741 ³

173 1882 197 1939 Ι.
212 1879 323 1940 Anima
333 1881 463 1959 promimr'
474 1880 623 1956 diliqertda
632 1898 698 1956 prce
707 1899 824 1956 corpore
837 1888 944 1938 nostro.
988 1878 1030 1936 11.
1050 1876 1106 1934 rm

202 1964 273 2040 pler
287 1965 434 2022 necessitas
448 1961 632 2040 spiritualis,
673 1961 728 2018 Ill.
749 1959 904 2029 Extrema,
952 1959 1019 2032 IV„
1036 1959 1100 2018 Gro-

210 2047 262 2111 εἰς,
306 2046 341 2102 V.
364 2043 409 2104 Er
432 2047 598 2104 eoormum's.
650 2041 702 2100 VI.
724 2044 762 2102 Ire
784 2053 910 2100 extrema
932 2043 1025 2100 etiam
1049 2055 1104 2116 corr

209 2130 276 2182 oiroe
285 2127 425 2203 periculo.
466 2127 535 2184 Vll.
556 2126 594 2183 Io
606 2126 695 2199 pravi
708 2122 784 2181 licite
797 2143 862 2182 rum
879 2124 1018 2200 periculo
1039 2125 1102 2190 rito,

210 2209 260 2264 sed
273 2229 330 2266 non
344 2229 378 2266 ex
396 2207 497 2266 debito.

210 2371 234 2449 l.
259 2370 510 2431 RESPONDET
527 2369 556 2428 S.
571 2369 696 2428 Thomas
710 2380 800 2444 quaest
815 2369 863 2425 26.
877 2379 931 2425 art.
947 2371 978 2426 5.
992 2363 1105 2425 affirmo-⁴

169 2453 245 2510 tire:
260 2455 326 2530 quie
339 2455 459 2511 animam
474 2453 595 2528 proximi
609 2453 726 2528 diligere
740 2451 875 2507 debemus
889 2463 1027 2524 tunquam
1042 2447 1105 2504 sori·¹

170 2554 216 2590 am
231 2536 419 2603 beatitudinis,
434 2554 535 2610 corpus
549 2547 644 2590 autem
658 2545 783 2590 nostrum
807 2543 941 2606 tanquam
969 2531 1105 2612 particeps¹

170 2617 351 2674 beatitudinis
372 2637 423 2692 per
437 2616 648 2672 redundantiam
664 2617 701 2672 ab
713 2618 804 2670 anima
818 2613 847 2668 in
872 2613 988 2688 ipsum:
1012 2629 1105 2670 conso-¹

171 2697 255 2754 ciatio
270 2710 364 2755 autem
378 2699 406 2753 in
422 2697 603 2764 beatitudine,
618 2709 662 2754 est
677 2695 765 2772 major·
778 2694 848 2751 ratio
863 2694 1013 2770 diligendi,
1028 2687 1105 2768 quieml

170 2779 346 2855 participatio
361 2799 410 2856 per
424 2775 649 2836 redundantiam.
1104 2771 1105 2802 ¹

214 2866 261 2922 Au
276 2862 361 2936 igitur
375 2861 459 2918 homo
471 2861 555 2916 vitam
571 2857 744 2935 corporalem
756 2875 897 2933 exponere
908 2867 1025 2914 tenetur
1039 2849 1105 2932 peri-l

172 2943 237 3000 culo
253 2944 349 3000 mortis
363 2963 414 3020 pro
428 2942 517 2998 salute
533 2941 678 3018 proximi?

212 3025 251 3082 ll.
269 3027 304 3082 ll.
319 3026 361 3084 Ut
375 3024 506 3080 distinete
520 3023 696 3098 procedatur,
712 3031 822 3096 oportet
837 3029 945 3086 notare,
968 3019 1099 3094 triplicem

171 3107 440 3165 essetneceesitetem
452 3104 634 3180 spiritualem,
646 3103 755 3162 scilicet
765 3114 930 3168 extremum,
941 3111 1099 3176 generemur

171 3208 349 3246 communem
363 3209 414 3245 seu
428 3186 580 3262 vulgarem.

211 3270 267 3327 lll.
290 3270 562 3335 Extremovocetur,
577 3287 640 3342 quae
655 3275 798 3332 mutuent,
817 3273 849 3320 ut
869 3261 923 3320 nisi
947 3262 1099 3340 proximum

168 3360 200 3406 tu
215 3351 337 3425 adjuves,
351 3353 400 3408 ille
415 3351 442 3406 in
458 3362 592 3406 aeternum
607 3348 645 3404 eit
658 3345 841 3405 damnandus.

180 3465 183 3472 ,
211 3432 264 3488 IV.
285 3433 386 3489 Gravis
401 3443 538 3498 censetur,
561 3431 630 3487 dum
643 3428 743 3486 salvari
757 3426 871 3502 quidem
892 3436 990 3502 potest
1015 3423 1099 3502 proxi·

171 3531 233 3567 mus
248 3512 301 3568 etsi
315 3527 370 3568 uon
385 3512 540 3587 adjuvetur,
555 3524 679 3568 ettamen
694 3510 774 3566 valde
789 3507 949 3566 difficulter.

182 3639 185 3644 .
212 3591 247 3645 V.
258 3593 423 3648 Communis
432 3593 518 3659 estin
527 3613 582 3667 qua
591 3603 685 3666 potest
694 3591 755 3666 quie
762 3591 867 3663 ubsque
876 3607 978 3664 mogun
986 3586 1099 3646 difficul-

171 3681 228 3726 tate
243 3670 342 3726 sulvuri
355 3672 416 3727 eine
430 3673 543 3730 alteriue
557 3671 715 3747 adjutorio:
737 3671 808 3728 huuc
822 3670 1021 3728 necessitatem
1035 3667 1100 3745 pati·

172 3762 265 3820 untur,
281 3749 328 3826 qui
342 3769 503 3810 communes
517 3753 652 3831 percandi
666 3753 829 3812 occasiones
841 3751 997 3810 incurrunt.
