2248 4070
172 111 233 171 358
531 127 742 171 assereres

168 272 228 352 jam
249 269 347 332 habuit
368 291 450 330 suam
474 271 607 331 effectum
629 271 850 342 irrevocabilem,
871 282 921 331 ant
939 267 1042 330 saltem
1057 289 1105 329 non

173 355 322 414 commode
335 354 531 421 revocabilem,
552 367 582 412 et
595 354 650 414 hoc
664 373 732 413 casn
744 373 802 412 non
815 367 906 412 cesset
918 352 1105 430 dispensatio:

173 435 216 494 sic
228 435 330 510 aliquis
340 435 418 493 licite
429 447 589 512 perseverat
599 435 628 494 in
639 436 817 494 matrimonio
826 455 891 493 cnm
902 434 1106 511 dispensatione

174 518 210 574 ad
230 516 440 592 legitimandam
463 517 570 593 prolem
594 529 749 585 contracto,
770 517 839 576 licet
852 516 946 592 proles
960 515 1107 583 moriame

174 597 220 656 vel
234 597 289 654 alia
302 598 374 656 ratio
388 598 479 656 finalis
490 610 582 656 cesset
595 609 661 674 post
674 610 850 656 contractum
866 595 1087 654 matrimonium.

215 678 272 736 Vel
280 679 454 756 dispensatio
468 691 512 736 est
525 679 662 757 implicite
676 692 725 737 ant
736 679 869 756 explicite
879 677 1074 736 conditionata
1086 691 1109 734 et

174 759 303 818 restricta
316 761 352 819 ad
341 771 487 854 tempus,
509 780 565 836 quo
586 780 671 819 causa
692 760 843 827 subsistet;
864 759 956 818 attali
970 778 1042 816 casn
1058 777 1109 815 ces·

175 852 258 900 sante
270 837 365 911 causi,
379 854 470 900 cessat
481 841 661 918 dispensatio.
703 843 787 900 Patet
796 861 831 898 ex
843 839 1056 918 dispensatione
1050 859 1108 916 pro

175 941 227 985 asu
251 923 341 989 amnis
365 923 393 979 in
418 924 630 998 quadragesima
653 924 690 981 ob
714 921 914 988 infirmitatem,
935 937 1003 996 quse
1026 934 1109 978 cessat

176 1017 303 1063 cessante
316 1003 495 1070 infirmitate:
516 1005 582 1079 quia
596 1003 712 1064 materia
725 1014 768 1062 est
781 1002 937 1073 divisibilis,
957 1015 989 1060 et
1004 1002 1108 1078 dispen·

176 1084 248 1144 satio
261 1085 398 1162 implicite
411 1085 610 1144 conditionata.

218 1166 275 1224 His
289 1179 421 1242 tanquam
440 1167 525 1224 certis
548 1165 769 1244 praesuppositis,
793 1164 913 1241 quaestio
934 1174 1110 1223 controversa

175 1261 314 1325 superest,
339 1267 375 1306 an
397 1248 569 1324 dispensatio
583 1249 710 1324 legitime
723 1248 789 1305 data
804 1258 897 1304 stante
913 1241 996 1322 justa
1020 1263 1109 1313 cansa,

177 1341 280 1398 cesset,
289 1329 314 1386 si
328 1341 420 1387 cesset
434 1349 526 1398 causa,
540 1330 702 1406 priusquam
711 1329 893 1406 impetrantes
904 1325 1108 1404 dispensatione

176 1421 303 1468 utantur:
319 1429 345 1467 ι.
352 1429 380 1486 g.
394 1410 587 1486 dispensatum
601 1423 644 1469 est
654 1430 720 1469 cum
734 1409 956 1485 consanguineis,
971 1408 1012 1466 ad
1023 1407 1108 1464 matri·

176 1491 303 1548 monium
317 1490 537 1549 contrahendum
558 1493 594 1549 ob
617 1493 705 1550 solam
719 1491 806 1568 prolis
819 1489 1066 1567 legitimationem,
1084 1501 1109 1546 et

176 1569 238 1630 lsaec
251 1584 316 1630 ante
331 1583 506 1630 contractum
521 1573 729 1630 matrimonium
743 1571 871 1628 moritur.

218 1653 275 1711 111.
295 1653 334 1711 R.
355 1653 493 1729 Steyaert,
516 1653 638 1723 Neesen,
661 1651 788 1712 Sanchez
811 1665 842 1710 et
865 1651 984 1710 Marcus
1011 1650 1108 1709 Paulus

177 1732 240 1792 Leo
254 1735 366 1802 docent,
388 1735 625 1811 dispensationem
642 1735 720 1792 illam
735 1753 853 1804 cessare,
877 1733 1009 1808 adeoque
1023 1729 1108 1789 matri·

177 1815 305 1873 monium
326 1814 391 1872 iniri
411 1835 468 1872 non
490 1816 677 1892 posse;·quia
697 1816 776 1893 prole
800 1814 919 1883 ιιιοιιιιιῗι,
941 1813 1109 1890 dispensatio

177 1915 235 1954 non
248 1895 348 1954 finisset
361 1915 510 1955 concessa:
532 1917 600 1973 ergo
621 1917 675 1956 nec
698 1895 904 1954 rationabiliter
925 1895 1114 1962 continuatur,

178 1977 243 2036 crim
257 1997 302 2036 res
315 1976 408 2036 adhuc
430 1977 467 2036 sit
487 1978 596 2055 integra
616 1998 666 2036 seu
689 1975 897 2036 matrimonium
910 1977 1038 2034 necdum
1052 1973 1114 2034 con-l

177 2069 309 2118 tractum
350 2058 464 2117 Deinde
478 2072 605 2118 cessante
619 2055 713 2126 causi,
734 2069 826 2117 cessat
839 2056 964 2116 effectus.

220 2139 334 2208 Suarea,
357 2139 479 2217 Sylvius,
502 2141 651 2210 Deelman,
673 2137 802 2208 Billnart‚
818 2138 922 2206 Collet,
943 2139 1000 2197 dac.
1016 2139 1110 2196 docent

176 2218 250 2280 hanc
263 2221 500 2298 dispensationem
514 2241 570 2280 non
584 2241 710 2290 cessare;
733 2221 799 2298 qnia
817 2219 950 2296 obligatio
963 2220 1059 2278 semel
1071 2221 1109 2276 als

176 2302 270 2360 solute
284 2303 409 2362 eatirmta
422 2323 478 2361 non
501 2304 650 2362 reviviscet
673 2304 734 2360 sine
755 2321 829 2358 novo
842 2300 1032 2378 legislatoris
1046 2313 1110 2358 actn.

177 2383 300 2454 Deinde,
321 2383 562 2462 athabetpegnla
577 2367 1113 2462 37.Ju1tsin6.‘Factumlegmm

177 2469 196 2500 ‘⁶
210 2465 353 2524 retractari
367 2485 422 2524 non
448 2467 541 2536 debet,
561 2466 629 2525 licet
652 2485 733 2524 casus
757 2475 856 2542 postea
878 2464 1003 2535 eveniat,
1025 2462 1044 2522 d
1064 2483 1113 2540 qno

177 2552 265 2604 “uon
280 2547 373 2623 potuit
386 2546 538 2606 inchoari?

218 2627 285 2704 Obj.
307 2629 443 2686 Cessante
457 2629 550 2698 causi,
571 2637 663 2687 cessat
677 2627 817 2688 effectus:
838 2645 914 2704 ergo,
936 2627 992 2685 sc.

218 2707 256 2766 R.
278 2709 460 2784 Dispensatio
482 2729 538 2768 non
560 2707 667 2787 pendet
680 2709 698 2767 ι
712 2709 793 2787 justa
806 2729 891 2769 causa
903 2709 933 2765 in
946 2708 1108 2776 conservari,

176 2789 227 2850 sad
242 2789 404 2848 liberatica
427 2791 490 2867 lege
513 2803 684 2868 perseverat,
703 2793 795 2850 donec
815 2812 877 2850 earn
892 2789 1058 2866 Legislator
1069 2805 1112 2866 per

176 2881 272 2930 actum
286 2871 455 2930 contrarium
470 2874 560 2942 tollat,
582 2874 645 2932 edm
661 2874 768 2932 nonsit
782 2872 986 2932 conditionata.

218 2953 352 3012 instabis:
374 2954 547 3012 continuatio
559 2955 773 3031 dispensationis
787 2955 849 3014 sine
859 2963 1001 3014 causaest
1011 2951 1112 3053 illicite,

176 3033 243 3110 qnia
269 3035 414 3092 concessio
436 3035 652 3112 dispensationis
672 3036 733 3093 sine
756 3055 842 3094 causa
855 3049 898 3094 est
912 3033 1032 3092 illicita:
1053 3017 1112 3108 ergo

178 3113 312 3193 Superior
326 3117 482 3183 censendus
497 3129 540 3174 est
554 3118 662 3176 tactim
677 3118 853 3195 dispensasse
874 3116 927 3174 sub
944 3114 1108 3183 conditione,

176 3197 200 3253 si
214 3217 299 3255 cansa
315 3210 515 3274 perseveraret.

218 3277 256 3335 R.
279 3278 352 3356 Neg.
366 3291 456 3337 antec.
470 3279 628 3356 Disperitas
642 3291 694 3349 ast,
710 3280 775 3356 qnia
786 3277 961 3338 continuatio
972 3278 1108 3356 dispensa·

176 3358 261 3416 tionis
275 3379 330 3416 non
345 3372 389 3417 est
402 3361 503 3435 aliquis
517 3381 606 3418 novus
620 3373 710 3431 actus,
731 3363 781 3420 sed
806 3361 867 3438 ipsa
890 3359 1043 3418 concessio
1063 3377 1107 3415 non

176 3453 314 3507 revocata,
330 3459 393 3516 qnae
407 3441 473 3498 crim
488 3443 572 3500 luerit
587 3441 720 3518 legitima,
740 3443 804 3501 telis
819 3442 872 3499 erit
886 3441 971 3500 etiam
988 3441 1111 3500 continu:

176 3519 253 3576 atio:
275 3541 365 3596 neque
379 3521 434 3579 alia
449 3523 559 3582 videtur
573 3543 652 3580 mens
666 3524 862 3600 dispensantis.
970 3579 974 3588 ,
1110 3509 1111 3552 ¹

220 3599 298 3657 Haec
307 3604 430 3660 secunde
439 3605 578 3662 sententia
588 3615 631 3662 est
642 3605 755 3680 quidem
768 3603 945 3682 probabilior,
957 3603 1012 3662 sed
1024 3614 1108 3661 ιιιιιιι

177 3697 235 3735 non
250 3680 359 3738 videtur
372 3685 494 3758 practice
508 3699 601 3744 certa:
626 3686 692 3744 Hoc
706 3698 814 3744 certum
829 3697 881 3754 est,
891 3697 1023 3744 cessame
1035 3680 1108 3742 causi

178 3759 328 3834 impulsiva
349 3764 468 3833 tentdm,
490 3785 546 3822 non
570 3785 678 3824 cessere
699 3767 956 3846 dispensationem:
985 3766 1110 3839 idemque

178 3837 291 3898 ridetur
304 3841 462 3914 dicendum,
484 3846 508 3904 si
522 3865 606 3905 cansa
620 3847 711 3907 finalis
724 3868 776 3927 pro
796 3861 876 3927 parts
889 3848 1003 3908 tantdm
1018 3857 1109 3906 cesset
