2224 4060
128 991 133 1002 ,
221 995 226 1008 Ι
337 867 617 976 INDEX.
715 819 924 928 3¹·'

25 1329 107 1386 Prior
121 1317 258 1412 iinmerus
279 1329 770 1478 desigffiicijtuffigrnugmhiarginalem,
789 1290 926 1393 Postiriir

439 1615 526 1649 ...····.··.

14 1821 264 1900 structurus
290 1827 349 1890 uu
370 1823 624 1890 vtururtuus
648 1827 693 1891 tu
715 1783 954 1940 usuussit

17 1981 73 2022 Num.
180 1973 184 1985 '
802 2019 807 2027 .
894 1985 945 2038 Ρη.

35 2033 309 2095 lDe'Deiirritione
323 2037 458 2108 Virtutis,
537 2076 545 2094 .
628 2077 636 2094 .
720 2080 728 2095 .
810 2041 832 2095 .'

33 2115 49 2172 2
70 2117 120 2176 De
130 2117 279 2176 Diuisione
295 2117 452 2188 Virtutum,
631 2157 640 2175 .
721 2162 728 2177 .
814 2161 821 2178 .

33 2195 50 2252 3
69 2197 119 2256 De
130 2199 234 2270 Doris,
256 2199 492 2270 Bestitudinibus,
514 2201 575 2270 &c.,
598 2199 719 2278 spiritus
734 2200 838 2273 sancti,

33 2275 50 2332 4
69 2281 117 2338 De
128 2279 267 2358 subjecto
282 2294 310 2339 et
325 2281 448 2358 Objecto
463 2281 617 2352 Virtutum,
721 2325 728 2340 .
810 2325 818 2344 .
848 2277 851 2286 ’

34 2359 51 2414 5
71 2359 119 2419 De
129 2361 235 2420 'Medio
249 2363 403 2429 Virtutum,
632 2405 640 2422 .
722 2406 730 2421 .
811 2407 819 2422 .

35 2439 50 2496 6
71 2442 119 2500 De
131 2443 339 2520 Anquisitionis,
360 2449 412 2501 tte.
426 2445 478 2502 &u
498 2443 652 2514 Virtutum,

35 2521 51 2579 7
70 2523 121 2582 De
128 2525 316 2585 connexione
330 2525 485 2594 Virtutum,

132 2701 136 2708 ·
150 2686 209 2746 DE
221 2687 483 2748 ·vluTUT113Us
504 2687 799 2749 THEOLOGICIS.

38 2847 54 2902 8
72 2849 120 2906 De
130 2847 226 2917 'Fides

36 2927 52 2980 9
71 2930 119 2988 De
131 2930 305 2991 Definitioue
320 2929 409 2998 Frdei,
430 2961 436 2972 ·
541 2973 549 2990 .
631 2975 639 2989 .
720 2975 728 2989 .
810 2973 820 2992 .
920 2937 928 2964 ‘

23 3007 53 3064 10
69 3010 116 3068 De
131 3009 200 3069 Fide
216 3011 375 3070 Secundum
393 3011 439 3082 Se,

23 3087 51 3148 11
65 3092 119 3150 ,De
130 3092 281 3150 Divisione
295 3093 384 3162 Fidei,
628 3135 637 3152 .
718 3135 727 3153 .
810 3137 818 3154 .

23 3167 53 3225 12
72 3173 120 3231 De
132 3171 255 3250 Objeuto
269 3174 412 3232 Materiali
427 3174 515 3244 Fidei,

24 3249 53 3306 13
72 3255 119 3312 De
133 3254 255 3332 Objecto
269 3255 391 3314 Formati
406 3255 494 3325 Fidei,

24 3331 54 3388 14
74 3337 213 3394 Asseusus
228 3336 307 3395 Fidei
320 3357 356 3394 an
370 3337 407 3395 sit
421 3336 599 3407 discursirus,
715 3351 730 3413 Ὶ.’
809 3380 818 3399 .

24 3411 54 3470 15
73 3417 121 3474 Au
131 3417 211 3476 Frdei
223 3419 318 3496 possit
328 3419 442 3476 subesse
456 3419 565 3487 fuistrm,

25 3491 56 3549 15
74 3498 119 3556 De
133 3499 202 3559 site
216 3509 246 3558 et
260 3499 385 3558 Scientie
403 3501 477 3558 circe
489 3500 566 3558 idem
580 3499 610 3556 iu
624 3501 735 3572 eodem,
986 3525 992 3540 ·

26 3571 55 3630 17
75 3580 122 3638 Au
130 3579 269 3658 Myststiu
277 3581 357 3639 Fidei
368 3582 488 3640 debeant
498 3599 560 3639 esse
573 3581 720 3643 evidenter
731 3581 885 3658 credibilia,
900 3587 940 3642 26

26 3653 56 3714 18
74 3660 118 3720 De
132 3661 252 3720 Motivis
266 3663 470 3722 credibilitatis
485 3662 626 3733 Exteruis,
809 3705 818 3726 .
900 3667 940 3722 27

28 3731 57 3792 19
74 3742 119 3802 De
129 3743 248 3802 Motiuis
260 3744 395 3804 creditit
408 3743 534 3814 internis,
714 3763 727 3807 ·.
809 3788 818 3808 .
873 3743 876 3750 ’
899 3737 940 3805 29

27 3815 57 3875 2⁰
75 3823 119 3885 De
134 3825 255 3907 Auslyti
268 3845 320 3886 seu
334 3823 518 3886 Resolutioue
532 3823 621 3898 Fidei,
809 3866 828 3894 .,
899 3829 939 3887 8⁰
