2216 4056
172 127 231 186 116
421 144 468 186 an
490 145 693 194 cancrentur
713 149 756 194 nc
777 147 861 202 arne,

210 287 278 366 Obj.
292 287 421 350 Christos
434 289 518 351 Joan.
532 313 595 371 cap.
610 293 657 354 to.
670 293 742 356 telas
755 305 916 356 vocatores
930 311 1022 354 suaa:
1043 291 1090 372 erg

168 371 277 428 suntin
297 371 436 431 Ecclesia.

212 453 248 510 R.
263 453 337 530 Neg.
350 473 463 530 conseq.
473 467 556 516 vocat
565 456 642 516 euim
652 455 783 517 Christus
792 475 842 514 cos
852 476 918 516 oves
929 476 1001 518 suas
1009 477 1074 518 secu

167 533 236 591 ddm
263 536 550 612 praedestinatiouem,
577 534 634 614 quei
661 550 868 614 cognoscuntur
894 539 1053 616 aliquando
1076 539 1084 598 i

168 614 301 676 Ecclesia
324 617 428 686 futuri3
447 639 506 678 non
529 621 597 678 verb
619 621 772 680 secundum
796 634 968 696 praesentem
994 635 1067 678 statu

167 698 232 756 crim
247 701 380 776 expresse
403 699 555 777 adjungat:
576 707 594 736 ‘⁶
605 702 679 765 Quat
699 721 757 762 non
770 715 836 760 sunt
856 722 894 762 ex
906 701 965 762 boc
981 704 1058 774 ovili,

167 785 187 814 “
200 780 264 840 illas
278 792 390 858 oportet
403 801 449 839 mo
463 781 628 842 adducere?
1089 839 1090 844 ,

207 862 250 920 11.
272 863 411 922 Probatur
430 865 554 922 secunda
575 884 659 941 pars:
679 863 708 920 in
731 864 888 926 Ecclesiam
905 863 1035 926 intratur
1057 885 1087 942 pe

165 941 266 1002 b'rdem
287 957 317 1002 et
331 943 412 1001 Fidei
426 945 648 1015 Sacramentum,
670 947 746 1020 quod
768 958 812 1004 ost
826 947 1014 1022 baptismus3
1032 961 1074 1023 atq

163 1041 222 1082 uon
244 1025 299 1083 soli
320 1027 511 1101 praedestinati
532 1027 672 1104 recipiunt
685 1028 785 1086 bidem
807 1039 837 1086 st
851 1027 1046 1104 Baptismum,
1069 1049 1086 1084 u

164 1119 245 1246 patet
257 1107 288 1164 in
300 1108 378 1166 ,luda
385 1109 528 1185 proditore
541 1109 669 1186 aliisque,
677 1110 726 1185 qni
740 1110 815 1172 circu
827 1109 912 1170 fidem
921 1112 1075 1188 naufragio

176 1201 303 1248 ooerunt.

206 1271 345 1329 Probatur
351 1271 469 1330 ulteriirs
479 1292 515 1330 ex
526 1273 609 1332 variis
618 1271 758 1348 parabolis
769 1270 921 1348 scripture
933 1271 1034 1332 Sacrae
1045 1297 1053 1340 ;
1064 1271 1085 1330 si

164 1352 272 1412 Mattb.
286 1373 347 1430 cap.
366 1355 412 1410 13.
426 1353 557 1412 Ecclesia
569 1366 746 1430 comparctm
758 1371 832 1412 areoe
846 1351 963 1413 habeut-i
978 1355 1057 1414 tritic

163 1448 194 1494 et
206 1435 302 1512 paleas
316 1436 519 1493 comburendas
532 1436 598 1511 igne
612 1434 835 1511 inextinguibili.¹

206 1515 313 1574 Matth.
326 1536 388 1592 cup.
404 1517 451 1574 13.
462 1530 643 1594 eomparatur
654 1536 766 1593 sagena
780 1517 872 1580 missu
885 1515 915 1574 iu
929 1535 1014 1578 mare
1028 1530 1058 1577 et

164 1598 241 1654 omni
268 1617 371 1674 genere
391 1597 511 1674 piscium
532 1599 721 1676 congreganti,
743 1617 862 1675 quorum
884 1598 955 1658 boni
976 1599 1009 1658 in
1032 1621 1049 1658 v

162 1678 231 1736 mali
244 1691 340 1736 autem
353 1679 427 1737 t'oras
440 1679 600 1738 mittuntur.

204 1758 311 1819 Mattb.
319 1779 381 1836 cap.
393 1763 442 1817 25.
452 1773 629 1838 computatur
641 1761 741 1820 decem
755 1759 926 1836 Virginibus,
943 1761 1024 1823 iuter
1037 1785 1056 1840 q

162 1853 230 1899 suut
242 1841 365 1918 quinque
379 1843 531 1918 prudentae
545 1854 575 1900 et
591 1843 715 1918 quinqua
728 1842 833 1911 fatum
852 1843 939 1903 fatue
954 1859 1055 1904 eutem

161 1923 291 2000 ingressu
305 1923 465 2000 nuptiarum
478 1925 677 1982 excluduntur.

203 2005 332 2063 Tandem
345 2005 370 2061 si
381 2005 434 2061 soli
441 2006 633 2081 praedestinati
641 2016 735 2065 cuent
745 2004 774 2066 iu
783 2004 922 2076 Ecclesia,
933 2025 996 2068 nou
1007 1973 1090 2085 potasti

161 2088 241 2144 oertb
262 2086 395 2162 cognosci
409 2085 517 2145 Christi
541 2087 680 2156 Ecclesia,
703 2106 796 2161 nequo
816 2087 917 2148 Pastor
940 2107 1015 2148 oves
1040 2111 1053 2146 e

162 2187 341 2242 cognoscere,
365 2187 457 2243 neque
481 2187 548 2226 oves
560 2168 716 2239 Pastorem,
738 2169 805 2230 cum
829 2167 894 2227 sciri
916 2187 976 2228 nou
1001 2083 1090 2390 pecii]

159 2249 273 2326 quinum
287 2249 343 2307 sint
357 2249 557 2325 praedestinati.

153 2359 155 2366 v
200 2326 267 2408 Obj.
284 2332 360 2388 Arca
374 2330 438 2388 Noe
451 2331 506 2388 fuit
518 2332 609 2407 ligatu
622 2329 780 2397 Ecclesioe3
798 2329 877 2406 atqui
890 2329 920 2388 in
932 2350 970 2392 ea
983 2333 1086 2394 fuerun

156 2411 213 2470 soli
236 2411 363 2470 salvandi
384 2414 420 2470 ab
442 2413 522 2488 aquia
544 2413 658 2480 diluviis
680 2431 748 2489 ergo
766 2411 796 2471 in
810 2411 942 2474 Ecclesia
963 2428 1035 2474 sunt
1049 2415 1088 2474 sol

32 2532 34 2536 -
158 2494 360 2570 predestinati.

201 2575 239 2632 R.
261 2574 465 2633 Similitudines
489 2593 546 2632 non
568 2575 598 2631 iu
622 2575 752 2634 omnibus
771 2575 950 2644 conveniunt,
972 2577 1080 2653 alioqui

159 2667 331 2732 aequoreum
346 2677 459 2714 omnem
471 2656 645 2733 baptizatum
659 2677 722 2716 esse
732 2657 975 2734 praedestinatum,
986 2661 1058 2720 crim
1075 2661 1085 2714 1

159 2735 237 2796 Petr.
250 2757 312 2813 cap.
326 2739 356 2796 3.
377 2741 456 2796 Area
475 2737 541 2796 Noe'
560 2749 738 2816 comparetur
752 2738 916 2815 Baptismo:
932 2737 1081 2798 Similitud

158 2837 226 2897 ergo
249 2820 335 2877 Arcae
359 2839 424 2876 eum
439 2819 569 2877 Ecclesia
592 2819 621 2876 iu
646 2840 681 2877 eo
705 2831 758 2888 ast,
772 2819 858 2894 qudd,
874 2819 958 2876 sicuti
973 2821 1006 2878 in
1024 2824 1069 2880 Ar

157 2902 272 2960 suarum
285 2901 416 2958 animalia
428 2902 534 2958 munda
556 2913 587 2959 et
600 2901 754 2968 immunda,
778 2901 820 2958 its
842 2900 871 2958 in
886 2900 1023 2960 Ecclesia
1045 2904 1087 2962 siu

157 2982 225 3041 boui
238 2995 268 3042 ot
281 2982 357 3050 mali,
367 2982 559 3059 praedoetinati
569 2995 600 3040 ot
612 2982 733 3058 reprobi,
744 2995 774 3042 et
786 2981 860 3040 sicut
870 3001 955 3041 nemo
968 2984 1007 3044 ab
1017 2983 1085 3060 aqui

157 3065 256 3123 diluvii
279 3065 378 3125 salvari
399 3063 493 3140 potuit
514 3076 594 3122 extra
618 3065 725 3124 Arum
740 3063 816 3132 Noe,
839 3063 880 3124 ita
892 3067 978 3122 nemo
993 3057 1090 3164 salvari

157 3158 251 3224 potest
264 3158 344 3205 extra
358 3145 525 3204 Ecclesiam.
1089 3187 1090 3190 ,

199 3227 265 3304 obj.
279 3228 324 3286 n.
338 3227 521 3286 carnorum
546 3245 609 3303 op.
629 3227 659 3284 n
673 3225 803 3286 meren
823 3224 928 3286 dicitu
949 3231 968 3262 «
981 3197 1090 3326 Hasd

157 3312 176 3341 ‘⁴
189 3309 339 3366 conclusus
349 3309 375 3369 :”
395 3328 463 3384 ergo
476 3307 530 3364 soli
544 3307 629 3366 electi
642 3320 707 3368 suut
721 3308 751 3366 ia
764 3325 807 3366 ea.
1089 3351 1090 3364 ,

199 3389 237 3446 R.
258 3389 338 3465 Neg,
352 3409 464 3464 oouaeq.
487 3407 551 3446 uam
574 3392 651 3448 rectu
672 3388 801 3449 Ecclesia
824 3387 928 3448 dicitur
949 3393 970 3422 “
982 3367 1090 3458 Hortul

157 3474 176 3504 “
190 3471 364 3537 conclusus?
379 3481 440 3528 tum
450 3469 620 3545 quiaDoiet
630 3470 806 3546 Angelorum
816 3465 945 3530 custodii
957 3473 1090 3530 munitur

156 3562 218 3608 tam
243 3552 308 3626 quia
331 3549 620 3627 inexpugnabilium,
640 3552 772 3610 adversis
794 3569 879 3625 quem
899 3565 991 3628 portu
1012 3554 1088 3610 infer

144 3645 214 3688 'non
227 3631 435 3708 prevalebunt:
450 3651 516 3688 cum
528 3651 586 3705 quo
600 3632 737 3701 consistit,
752 3632 829 3708 quod
842 3632 872 3690 in
886 3651 921 3692 ea
934 3632 1023 3690 etiam
1039 3635 1090 3764 einp

155 3712 277 3787 reprobi,
301 3711 385 3769 acuti
408 3712 439 3770 in
461 3710 545 3771 horto
568 3710 702 3774 oodoluao
715 3714 799 3774 mmm
822 3725 890 3774 sunt
912 3711 1011 3774 berhta
1032 3715 1085 3774 inu

156 3791 231 3852 ὼ,
1089 3795 1090 3830 l
