2240 4060
360 147 403 190 nn
423 147 567 195 nnoraus.
888 137 949 194 393

60 292 160 353 Etiam
173 293 229 354 hnc
242 294 338 354 reduci
362 307 478 372 possunt
503 307 670 355 nocumenta
691 296 801 366 anima,
828 309 951 358 stactus

15 373 124 433 interni
139 379 394 454 correspondentes,
408 377 457 453 qni
470 377 526 436 alio
539 391 681 458 praecepto
704 379 841 457 Deculogi
858 382 948 459 speci·

15 455 104 514 aliter
116 478 173 516 non
188 458 376 536 prohibentur.

59 537 143 602 Quid
154 537 208 598 hoc
223 541 368 618 Praecepto
381 539 565 618 praecipitur?

58 619 119 677 111.
130 621 167 678 R.
178 621 250 681 Cum
262 621 377 681 Catach.
393 621 513 680 Roman.
526 641 591 700 pax,
605 621 731 695 charitas,
745 623 947 696 beneficientia,

16 700 165 775 patientia,
180 703 377 772 misericordia,
391 703 499 780 injuria
523 705 699 776 condonatio,
724 718 752 765 et
774 707 948 766 conservatio

17 800 50 838 ac
66 782 247 842 incolumitas
259 803 385 861 persona
399 785 528 862 proximi.

58 863 135 927 Quis
149 878 193 923 est
206 887 303 924 sensns
317 865 399 944 hujus
413 867 559 925 sententiae
574 866 678 925 Matth.
701 888 762 946 cap.
783 871 812 928 5.
836 869 873 928 V.
892 871 947 930 39.

19 949 36 978 “
53 943 86 1002 Si
101 946 207 1021 quista
222 949 389 1024 percusserit
400 947 430 1005 in
443 949 585 1008 dexteram
600 950 739 1008 maxillam
755 963 841 1021 tuam,
852 952 948 1028 praebe

19 1031 36 1058 “
52 1025 96 1082 illi
112 1039 142 1086 et
155 1029 270 1101 alteram
282 1029 310 1089 ?’'

59 1107 115 1166 IV.
138 1109 176 1167 R.
201 1110 304 1168 Sensus
326 1123 369 1169 est·
394 1109 606 1188 metaphoricns,
631 1111 738 1171 scilicet
764 1111 788 1170 si
812 1113 874 1189 quis
895 1112 947 1176 tibi

19 1181 149 1250 intulerit
162 1190 301 1268 injuriam,
316 1205 377 1250 esto
390 1207 502 1270 paratus
516 1193 652 1266 sustinere
665 1196 700 1251 ab
722 1195 821 1252 eodem
844 1214 946 1253 secun·

19 1271 83 1327 dam
99 1273 512 1349 potiituquam1·csistere,vel
534 1275 684 1332 vindictam
706 1295 833 1333 sumere:
853 1287 947 1352 potest
996 1327 997 1336 ,

19 1350 80 1410 lraec
94 1355 234 1412 sententia
247 1355 366 1432 intelligi
380 1357 415 1413 de
428 1355 555 1425 consilio,
564 1368 593 1414 et
606 1369 699 1432 potest
710 1358 793 1414 etiam
804 1357 947 1415 continere

20 1434 199 1513 Praeceptum
214 1437 319 1515 duplici
339 1439 441 1496 modo:
465 1439 507 1496 1⁰.
522 1438 556 1496 In
579 1439 895 1514 praeparationeanirni,
916 1451 947 1496 et

20 1516 66 1572 2⁰.
81 1516 208 1590 infacto,
220 1519 287 1576 dum
297 1519 380 1591 salus,
392 1519 535 1578 conversio
548 1519 656 1577 velalia
665 1521 815 1579 necessitas
825 1519 945 1598 proximi

20 1597 46 1654 id
61 1599 162 1674 exigit.
587 1651 590 1660 Ι
654 1613 657 1621 “

58 1680 212 1743 Quodnam
226 1693 269 1741 est
283 1693 391 1740 sextum
407 1681 544 1759 Decalogi
558 1682 755 1760 Praeceptum?

58 1761 97 1818 V.
114 1763 152 1820 R.
166 1763 249 1822 Hoc:
271 1763 364 1822 “Non
378 1763 591 1822 Moechaberis.”

57 1843 140 1906 Quid
154 1842 207 1902 hoc
221 1845 367 1923 Praecepto
381 1845 566 1923 prohdretnri

57 1924 115 1982 VI.
130 1925 168 1983 R.
182 1927 363 1985 Adulterium
376 1940 406 1985 et
419 1927 509 1985 omnis
523 1927 631 2004 species
644 1925 771 1996 luxuriae,
790 1945 840 1985 san
854 1928 948 1987 omnia

20 2018 138 2082 peccata
161 2019 258 2066 contra
281 2009 446 2088 castitatem,
471 2009 506 2066 de
530 2009 631 2084 quibus
655 2009 746 2085 agitur
768 2009 797 2066 in
812 2009 947 2069 Tractatu

21 2095 38 2121 “
52 2089 90 2146 de
105 2088 320 2165 Temperantia”
336 2090 457 2148 N.'·282·.
472 2100 574 2168 etseq.

58 2170 140 2234 Quid
154 2171 314 2248 praecipitur
327 2169 381 2230 hoc
396 2172 565 2248 Praecpto?
950 2215 953 2224 ·

55 2250 97 2308 R.
115 2253 230 2310 Animae
244 2265 273 2322 et
286 2254 409 2330 conponis
432 2251 557 2326 castitas,
578 2252 613 2312 de
627 2273 682 2329 qua
702 2253 768 2312 ride
781 2253 946 2314 Tractatum

26 2332 142 2390 citatum
158 2331 244 2392 Num.
257 2337 326 2392 281.

63 2415 135 2472 VII.
149 2415 341 2475 Catachismus
356 2415 500 2474 Romanus
524 2435 609 2494 agens
632 2417 668 2474 de
689 2427 769 2474 sexto
791 2417 947 2494 Praecepto,

27 2507 122 2554 contra
136 2497 253 2570 luxuriae
264 2510 377 2575 peccata
387 2499 466 2574 ponit
475 2498 535 2556 lucc
545 2499 667 2556 remedia
677 2498 837 2574 praecipua:
850 2499 950 2574 fugere

27 2578 123 2646 otium,
146 2579 294 2656 crapulam,
310 2581 449 2638 custodire
463 2580 568 2649 oculos,
583 2580 700 2638 aremari
714 2581 797 2637 verba
810 2581 948 2649 obscaena,

27 2660 185 2730 occasiones
199 2673 227 2718 et
242 2662 380 2734 consortia
393 2663 507 2738 sugere:
529 2661 629 2720 deinde
642 2662 801 2737 frequenter
822 2661 948 2720 confiteri

28 2754 53 2798 et
65 2761 178 2800 sumere
202 2763 308 2800 sacram
334 2742 546 2814 Eucharistiam,
571 2743 723 2801 orationem
747 2763 811 2800 cum
831 2741 948 2820 jejunio,

28 2821 167 2880 Passionis
182 2821 287 2884 Christi
301 2825 520 2895 meditationem,
534 2825 714 2902 turpitudinis
728 2825 837 2902 peccati
856 2837 885 2882 et
905 2823 947 2881 in·

27 2904 94 2960 lemi
109 2906 367 2975 considerationem,
382 2907 432 2964 &a

64 2987 172 3044 Causas
186 3000 215 3045 et
228 2987 351 3044 remedia
365 2999 491 3045 motuum
506 2989 595 3046 carnis
605 2999 634 3046 et
644 2988 719 3046 varia
732 2985 786 3044 huc
794 2985 949 3062 spectantia

27 3067 153 3144 reperies,
165 3069 214 3126 ubi
224 3082 316 3126 actum
327 3080 370 3126 est
380 3071 416 3126 de
426 3069 551 3146 subjecto
561 3070 669 3146 peccati
679 3069 765 3128 Num.
778 3070 844 3127 109.
853 3079 948 3144 etseq.

64 3149 189 3225 Assigna
202 3151 350 3226 septimum
366 3151 564 3228 Praeceptum?

62 3231 147 3288 Vlli.
164 3232 200 3289 R.
216 3231 268 3289 Est
282 3228 352 3290 hoc:
374 3239 391 3266 “
401 3232 466 3289 Non
480 3234 583 3290 furtum
598 3231 707 3290 sacies.”

64 3313 140 3376 Quid
155 3312 284 3389 prohibet
298 3311 351 3371 hoc
365 3314 564 3391 Praecepturn?

63 3394 116 3453 IX.
135 3395 172 3451 R.
187 3395 280 3452 Omne
294 3409 493 3453 nocumentum
517 3397 545 3452 in
569 3396 652 3454 rebus
676 3394 797 3452 externis
819 3394 948 3474 proximi,

29 3495 73 3533 seu
87 3476 115 3532 in
130 3476 211 3533 bonis
236 3477 354 3534 sortunae
379 3489 408 3534 et
430 3478 531 3544 saman
551 3477 637 3553 igitur
657 3474 819 3552 prohibetur
834 3477 950 3549 lurtum,

29 3557 126 3636 rapina,
142 3557 268 3626 simonia,
282 3577 374 3626 usura,
389 3559 534 3627 detractio,
549 3558 726 3627 contumelia,
737 3559 788 3616 dcc.

8 3683 9 3686 η
64 3640 140 3702 Quid
154 3638 208 3697 hoc
223 3640 369 3714 Praecepto
382 3641 567 3716 praecipitur?

64 3721 100 3779 R.
115 3721 231 3779 Justitia
245 3721 385 3792 inviolata,
408 3722 562 3798 benignitas
587 3733 616 3780 et
637 3721 789 3779 liberalitas
812 3719 841 3778 in
854 3721 950 3800 proxi-

29 3821 108 3859 mum.

65 3883 157 3949 Quare
171 3885 201 3942 in
215 3883 270 3942 hoo
284 3883 430 3962 Praecepto
445 3883 610 3962 exprimitur
623 3883 738 3959 lurtum,
763 3903 818 3944 non
840 3885 951 3942 usura?
