2226 4064
161 83 222 142 tot
535 96 725 144 rerertroe

202 245 240 304 R.
255 244 328 322 Neg.
341 256 432 306 antee·
449 245 593 305 Medicina
606 245 681 304 enim
691 257 801 304 amatur
814 245 934 324 propter
939 243 1101 306 sanitatem

159 326 228 385 licet
242 328 268 384 ei
291 328 494 386 extrinsecam:
517 328 583 404 quia
605 340 700 386 tamen
724 328 868 403 proximus
893 348 948 386 non
971 329 1099 404 diligito

160 421 275 485 propter
288 429 328 478 se,
352 411 402 467 sed
425 423 539 486 propter
562 409 648 479 aliud,
672 412 750 470 recti
775 409 910 485 sequitur,
935 411 1018 468 illum
1047 427 1093 466 no

160 509 243 566 posse
258 491 337 566 diligi
351 509 434 566 super
448 491 550 548 omnia.

203 571 246 628 Ex
262 572 345 630 dictis
359 574 477 630 observa
493 573 536 631 1⁰
550 571 780 648 quolipartieula
800 577 819 606 “
829 531 961 650 propterss
963 571 1088 630 'dum
1079 591 1090 626 ι

161 651 323 710 definitione
334 652 476 711 charitatis
486 653 626 712 dieitur:¹
630 654 682 710 ‘Et
692 653 838 729 proximus
848 667 962 732 propter
973 651 1107 718 Deum:

159 751 216 790 nou
231 735 338 792 tantiun
351 735 491 812 importet,
503 736 579 810 quod
594 735 674 792 Deus
683 735 720 791 sit
734 755 818 792 cauea
828 736 919 792 finalis
933 747 962 793 et
972 733 1112 806 efficien

159 834 211 874 teu
225 835 340 874 movens
365 818 531 885 mandendo,
553 817 629 892 quod
643 816 728 872 etiarn
742 817 845 874 accidit
858 818 966 876 arabus
980 817 1098 874 aliam

160 897 305 967 virtutum,
333 899 462 955 exercitis
487 912 602 974 propter
630 897 742 958 Douma
763 899 814 955 eed
835 898 950 974 iusuper
970 899 1104 956 denotet

159 977 256 1036 Do'um
270 999 332 1037 eree
346 999 457 1038 causam
472 999 522 1037 serr
537 979 672 1036 rationem
688 980 833 1038 formalem
848 980 984 1056 diligendi
1013 978 1082 1037 etia
1091 1003 1108 1029 u

158 1061 327 1138 proximum,
342 1061 417 1136 quod
431 1060 507 1118 actui
522 1059 664 1118 eharitatis
676 1061 819 1137 proprium
842 1075 893 1118 est.

201 1144 250 1198 2⁰.
273 1143 358 1206 Quod
372 1153 450 1200 attur
465 1141 606 1200 eharitatis
622 1142 678 1200 Dei
693 1154 722 1199 et
743 1142 864 1217 proximi
889 1161 946 1200 ιιοιι
964 1142 1113 1201 differan

159 1223 262 1301 specie,
278 1224 343 1282 crim
359 1223 479 1282 habeant
492 1224 568 1281 idem
583 1223 725 1299 objectum
739 1223 867 1281 formale.

115 1321 119 1329 ·
200 1308 250 1362 30.
271 1306 355 1369 Quot
370 1305 464 1376 nullue
479 1325 514 1362 ex
529 1304 664 1362 charitate
678 1306 767 1381 possit
787 1305 905 1381 diligere
927 1305 1102 1382 proximum

158 1387 225 1463 quin
240 1386 338 1462 diligat
349 1387 444 1444 Deum
456 1408 464 1444 ι
478 1387 544 1461 quia
557 1387 673 1462 diligere
688 1385 855 1462 proximum,
867 1402 910 1444 est
925 1387 1007 1455 velle,
1024 1400 1065 1444 nt
1081 1389 1091 1442 i
1112 1420 1113 1435 ι

158 1481 294 1526 aternum
310 1481 386 1526 amet
401 1468 514 1536 Deum;
535 1480 564 1526 et
587 1465 763 1526 econverso
784 1487 841 1524 non
863 1469 953 1544 possit
978 1469 1107 1544 diliger·

158 1550 263 1617 Deum,
284 1550 352 1624 quin
377 1549 475 1626 diligat
493 1550 670 1626 proximatur
690 1549 757 1624 quia
780 1549 897 1625 diligere
921 1550 1031 1618 Deum,
1064 1569 1098 1607 es

158 1632 239 1688 inter
243 1631 298 1688 alia
306 1630 389 1697 selle,
399 1645 431 1690 ιιι
443 1631 470 1688 in
481 1645 619 1690 oeternum
631 1645 741 1688 ametur
750 1643 779 1688 et
790 1629 941 1690 laudetur
930 1651 948 1688 a
957 1631 1112 1708 proximo.

158 1712 232 1769 Vide
248 1709 334 1769 Num.
353 1714 418 1768 113.
611 1723 614 1727 ’
719 1755 725 1762 .

199 1794 244 1850 4.
268 1794 352 1856 Quod
366 1791 486 1852 charitas
501 1815 531 1852 ee
546 1795 648 1852 debeat
663 1794 816 1852 extendere
828 1794 864 1851 ad
880 1811 977 1852 ornnes
1001 1793 1111 1870 proxi-

157 1894 229 1944 mor,
243 1875 382 1932 neminem
397 1877 583 1934 excludendo.

65 2025 69 2032 ’
158 2037 195 2096 Ν.
224 2039 289 2096 127.
331 2038 389 2097 DE
411 2038 598 2099 OBJECTO
622 2037 863 2096 MATERIALI
885 2037 1107 2098 CHARITA-

588 2119 661 2178 TlS.

416 2241 449 2300 S.
470 2241 568 2302 ttom.
584 2243 611 2300 2.
627 2243 654 2298 2.
668 2251 767 2318 quoert
784 2241 834 2298 25.

156 2363 181 2422 Ι.
207 2363 351 2440 Objectum
366 2365 513 2424 materiale
523 2365 701 2442 primarium
721 2374 762 2437 est
775 2363 867 2433 Deus,
888 2365 1105 2423 secundarium

293 2450 455 2526 proximus.
496 2448 536 2504 11.
562 2447 638 2518 Quia
653 2447 774 2504 dicotur
785 2449 948 2522 proximus.

196 2609 411 2674 QUODNAM
428 2622 471 2666 eet
482 2607 622 2685 objectum
636 2606 780 2666 materiale
801 2606 966 2684 charitatis?

196 2691 220 2749 I.
242 2693 278 2749 R.
300 2691 451 2767 Olrjectum
480 2691 621 2748 materiale
648 2689 811 2766 primarium
839 2703 883 2745 est
909 2689 969 2765 ipse
999 2688 1100 2758 DeuS,

155 2773 350 2831 secundarium
365 2787 407 2830 eet
422 2773 573 2848 proximus.

83 2921 86 2925 .
195 2854 330 2918 Quisnam
346 2853 390 2910 hle
404 2854 570 2929 intelligitur
583 2852 696 2910 nomine
708 2851 854 2928 proximi?

194 2935 235 2994 ll.
253 2935 288 2994 R.
303 2935 403 2993 Omnis
417 2949 544 2992 creatura
557 2947 669 2992 aetemae
683 2933 864 2991 beatitudiuis
878 2952 985 3009 capax:
1005 2933 1100 2990 advo·

154 3035 209 3092 que
227 3019 271 3074 10.
285 3017 411 3092 nosipsi,
425 3017 483 3072 imo
497 3029 526 3072 et
546 3036 647 3092 corpus
670 3029 806 3082 nostrum,
830 3017 905 3090 quod
930 3035 981 3070 suo
1004 3018 1101 3074 morlo

153 3118 241 3174 capax
255 3112 298 3156 est
312 3109 424 3156 aeternae
439 3098 589 3154 felicitatis.
632 3100 676 3154 20.
691 3097 792 3154 Omnis
806 3096 890 3154 horno
906 3097 1003 3188 riator,
1034 3098 1101 3154 sire

153 3262 365 3319 siveinimicm.
408 3262 480 3318 item
498 3261 594 3318 Sancti
608 3261 636 3316 in
651 3261 731 3326 coelo,
757 3260 862 3335 Angeli
886 3259 960 3326 boni,
986 3259 1099 3318 anitiae

153 3343 182 3400 in
203 3344 363 3420 purgatorio
388 3344 518 3410 detentae‚
542 3356 571 3398 et
595 3343 655 3422 ipse
670 3341 799 3400 Christua
824 3342 960 3416 quateris
983 3339 1098 3398 homor

87 3425 91 3437 ¹
152 3445 208 3483 non
223 3437 315 3482 tamon
326 3423 452 3500 homines
462 3424 644 3496 ‹lamnati‘aut
655 3424 806 3494 daemoner,
816 3424 864 3498 qui
872 3423 889 3480 it
898 3422 1094 3492 Beatitudirre,

152 3506 268 3584 ejusque
282 3527 332 3582 epe
346 3507 518 3564 exciderunt.
1095 3529 1096 3559 ι

194 3585 260 3663 Obj.
282 3588 352 3646 Luc.
369 3607 430 3664 cap.
449 3589 493 3644 10.
508 3607 544 3644 ex
558 3585 689 3662 parabola
704 3585 809 3644 Christi
823 3585 899 3642 solus
913 3584 960 3641 ille
975 3584 1095 3649 videtur

152 3669 305 3746 proximus,
317 3670 365 3744 qui
380 3670 445 3727 lecit
459 3669 539 3726 alteri
554 3669 771 3726 mirericordiam
784 3687 791 3724 ι
813 3687 889 3746 ergo,
910 3667 961 3726 &o
1093 3699 1094 3739 ι

195 3752 230 3808 11.
247 3751 351 3809 Sensus
364 3749 587 3826 interrogationis
604 3747 710 3808 Christi
724 3763 775 3817 eet,
798 3750 860 3824 quie
885 3748 984 3804 homin
1000 3747 1093 3812 trium

151 3834 264 3892 iunctus
279 3833 313 3892 sit
329 3832 422 3891 officio
435 3832 575 3911 prorimi;
590 3829 674 3910 juxta
693 3851 776 3908 quem
796 3851 907 3889 sensum
928 3829 1004 3888 recti
1033 3849 1092 3886 res·
