2216 4056
114 119 117 128 ·
160 102 223 172 lif
448 118 493 160 so
515 117 716 162 rnecrsrmr
737 118 778 160 nr
799 119 883 171 oros,

205 263 285 322 Hinc
297 263 354 322 ruit
366 283 528 340 perversum
537 263 789 328 Quosnellistornm
803 274 1005 332 commentum,
1019 265 1092 326 suli·

164 357 211 404 eet
225 345 356 404 Pontifici
369 346 555 404 obediendum
567 365 623 403 non
637 366 698 404 esse
711 346 766 404 nisi
779 346 809 404 in
822 346 866 418 iis,
887 365 952 422 quta
966 347 1094 425 precipis

164 427 345 486 conformiter
357 429 393 486 od
409 426 581 503 Scripturam
597 427 720 486 Sacrum

145 541 147 548 ν
205 510 253 569 An
270 507 402 566 Summus
416 508 549 568 Pontifex
562 507 647 566 habet
656 519 823 585 potestatem
833 528 889 566 non
900 509 991 567 solium
1003 510 1093 570 direc-

163 589 259 660 tirum,
273 589 324 648 sed
338 591 422 649 etiam
437 590 589 650 coactivam
603 609 687 666 super
701 610 797 647 omnes
811 591 932 650 fideles?

204 671 260 730 ΙΙΙ.
282 671 319 730 R.
341 671 536 730 Affirmatirb:
557 671 623 747 quia
637 670 741 730 Mutth.
756 691 818 748 cap.
843 675 890 732 16.
910 673 992 730 datur
1008 672 1092 732 Petro

163 751 282 830 ejusque
297 753 511 812 successoribus
524 765 649 830 potestas
663 753 777 828 ligendi,
797 759 861 829 qum
874 755 912 811 ad
925 766 1092 830 potestatem

163 835 318 896 coactivam
332 835 461 912 pertinet.
502 836 537 894 Id
551 833 635 892 etiam
649 846 785 910 perpetua
797 835 973 894 consuetudo
994 837 1093 894 confir·

163 929 238 976 mat:
253 915 319 974 hinc
334 917 451 974 Summo
466 915 597 974 Pontifici
611 916 747 992 competit
760 928 883 994 potestas
894 917 1091 994 suspendendi,

93 1063 97 1072 ,
163 997 433 1066 excommunicandi,
448 998 500 1056 &c
663 1047 665 1056 .
726 1047 729 1054 .
777 1049 780 1056 .

204 1077 270 1154 obj.
285 1078 365 1139 Dicit
380 1077 508 1138 Christus
527 1078 601 1138 Luc.
614 1097 675 1156 cap.
689 1081 739 1136 22.
755 1079 791 1137 V.
806 1081 855 1138 25.
876 1086 893 1115 “
906 1080 1002 1156 Reges
1027 1099 1094 1156 gon·

32 1154 40 1167 “
152 1164 182 1196 ’“
196 1159 266 1218 tium
282 1159 460 1218 dominantur
481 1161 656 1240 eorum...V.
670 1163 719 1218 26.
739 1160 800 1218 Vos
821 1173 916 1228 antem
939 1181 996 1220 non
1022 1159 1094 1230 sic;”

163 1261 231 1318 ergo
246 1241 452 1299 Ecclesiasticis
465 1262 521 1300 non
536 1242 670 1319 competit
684 1255 807 1320 potestas
822 1243 956 1302 coactiva.
992 1273 995 1278 ·

206 1323 242 1382 R.
266 1322 467 1399 Ncg.'conseq.
480 1343 543 1382 nam
559 1325 671 1384 tantrlm
691 1323 866 1400 prohibetur,
890 1344 926 1382 ne
948 1324 1103 1382 dominen-

162 1415 210 1462 tur
231 1423 308 1464 ntore
331 1405 441 1480 Regum
466 1405 633 1482 gentilium,
651 1407 730 1462 unde
755 1405 868 1465 subdit:
890 1405 978 1463 “Vos
997 1421 1103 1484 autem

163 1506 220 1545 non
234 1486 303 1554 sic‚’'
319 1506 354 1543 ne
369 1486 477 1546 scilicet
490 1487 639 1562 imperiosi
653 1499 683 1544 et
696 1489 816 1564 superbo
839 1499 945 1565 regant,
970 1507 1052 1546 suam
1066 1489 1092 1544 'm

163 1568 286 1643 regendo
300 1579 425 1643 quaerunt
438 1568 599 1639 utilitatem,
613 1568 741 1646 glorium,
755 1570 807 1628 &u

184 1727 222 1787 N.
247 1730 295 1787 95.
337 1730 396 1788 AN
418 1731 528 1790 PAPA
552 1729 615 1790 SIT
637 1730 846 1791 SUPERIOR
868 1731 1070 1796 CONCILIO

514 1812 741 1908 GENERALI.

315 1977 340 2038 I.
360 1975 456 2054 Pnpoe
469 1929 509 2034 est
522 1937 613 2054 cupro
629 1975 789 2036 amnem
801 1975 941 2052 peoorolc.

136 2173 141 2190 .
203 2116 640 2214 PltAENoTANDUM,'qned
649 2137 710 2197 raec
721 2105 837 2216 quaestio
847 2159 904 2197 non
918 2138 1102 2216 rnrtrrrgnux

162 2223 199 2278 de
223 2220 420 2278 infallibilitate
435 2220 580 2279 Pontificio
604 2221 648 2278 vel
663 2221 799 2290 Concilii3
821 2223 871 2279 sad
894 2222 930 2279 de
950 2232 1102 2297 potestate,

70 2381 75 2388 ”
163 2384 240 2459 leges
253 2383 441 2460 praescribere,
456 2403 519 2442 eum
530 2382 667 2460 judicare,
682 2385 734 2442 br.

203 2465 330 2528 Quaestio
345 2465 428 2522 etiarn
443 2483 498 2522 non
523 2477 567 2522 est
590 2466 626 2522 rle
641 2465 769 2524 Concilio
793 2462 850 2522 unci
872 2482 935 2521 cum
952 2462 1088 2520 Pontifioe

162 2560 330 2621 congregato
341 2571 348 2611 ;
362 2547 403 2603 sic
417 2546 491 2604 enim
502 2545 634 2604 Pontifex
649 2547 746 2622 nequit
755 2566 817 2604 esse
827 2565 910 2622 supra
919 2545 1088 2612 Concilium,
1100 2605 1101 2620 χ

162 2626 228 2684 crim
242 2639 310 2684 tuno
324 2629 438 2685 deberet
451 2647 513 2686 esso
527 2628 620 2705 seipso
631 2629 766 2705 superior,
780 2629 831 2686 sed
841 2638 885 2686 est
894 2626 1011 2702 {equalis
1026 2627 1101 2683 cum

163 2706 292 2765 Concilio
306 2707 489 2766 authoritatis.

202 2789 346 2854 Quaeritur
373 2809 448 2864 ergo,
484 2791 576 2847 utrbm
605 2789 763 2849 Concilium
798 2788 936 2864 generale,
973 2790 1087 2846 seorsim

160 2882 302 2947 sumptum
318 2871 377 2928 sine
394 2871 540 2941 Pontlflre,
554 2872 605 2930 sed
618 2883 711 2930 tamen
732 2871 857 2948 legitime
878 2884 1087 2947 congregatum,

160 2953 197 3014 sit
211 2971 294 3030 supra
307 2952 500 3012 Pontificem?
544 2989 547 2999 ·
1099 3015 1100 3018 ,

201 3034 238 3090 R.
259 3033 463 3092 Affirmativarn
479 3045 593 3102 tuentur
607 3031 703 3092 Galli:
724 3045 804 3092 extra
818 3033 942 3094 Galliam
962 3021 1100 3107 commu-l

159 3116 232 3179 niter
255 3116 408 3174 sustinetur
423 3114 588 3173 Pontificem
611 3135 672 3173 esse
687 3115 816 3176 Concilio
826 3114 949 3191 generali
962 3115 1086 3190 superio·

159 3217 228 3266 rem,
243 3198 314 3254 adeo
327 3209 360 3254 ut
373 3196 461 3272 possit
474 3197 544 3254 illud
559 3197 715 3262 transferre,
730 3197 891 3264 diesrrlvero,
913 3197 965 3254 bro.

200 3278 224 3336 I.
245 3277 399 3336 Probatur:
422 3278 507 3335 Petro
520 3297 576 3334 non
591 3277 720 3336 Concilio
734 3277 807 3336 dixit
822 3276 970 3336 Christus:
993 3275 1085 3334 “Tibi

160 3363 178 3392 “
191 3358 264 3416 dabo
287 3359 379 3419 eleves
404 3359 497 3438 llegni
522 3359 673 3428 leornm,
701 3379 783 3435 pasce
811 3378 877 3418 ores
904 3355 1008 3426 meas,”
1033 3359 1084 3416 ae.

159 3440 260 3497 Petrus
274 3459 350 3514 ergo,
365 3439 481 3516 ejusque
492 3439 672 3498 successores
684 3441 777 3516 Caput
788 3452 853 3498 suut
866 3451 896 3497 et
907 3439 1015 3506 Pastor,
1029 3458 1085 3496 non

158 3519 249 3580 sotum
278 3519 413 3578 Ecclesiae
437 3522 569 3597 dispersae
592 3521 651 3578 sire
678 3521 850 3597 singulorum
871 3519 1017 3588 fidelium
1036 3521 1084 3578 sed

158 3601 243 3658 etium
259 3597 394 3658 Ecclesiae
407 3601 436 3660 in
451 3603 579 3661 Concilio
599 3616 795 3679 congregatur
816 3603 911 3680 Caput
930 3599 1006 3662 enim
1030 3619 1083 3658 non

158 3680 266 3738 tannim
280 3679 397 3754 siugulis
410 3683 540 3742 membris
554 3683 678 3753 seorsim,
692 3685 743 3742 sed
754 3683 839 3744 simul
854 3683 982 3759 sumptis,
1004 3701 1084 3758 supa·

158 3764 215 3820 rius
229 3771 289 3828 est3
304 3760 402 3830 Pestor
414 3781 470 3820 nou
481 3763 589 3822 tannim
601 3764 718 3842 singulis
728 3766 826 3824 oribus
836 3765 962 3832 seorsim,
970 3764 1021 3822 sed
1032 3763 1083 3822 toti

157 3843 236 3920 gregi
256 3853 358 3920 proeest
382 3853 412 3898 et
434 3844 559 3922 superior
582 3858 643 3905 est:
664 3847 740 3907 unde
755 3846 915 3910 Concilium
928 3843 1082 3926 Chalcedo-
