2216 4056
153 95 211 151 172
528 105 720 152 rnecrarns

1097 157 1098 206 l

191 254 312 330 Insuper
324 252 418 311 timeri
432 252 535 310 dicitur
548 253 630 312 Deus
654 253 754 310 timore
778 253 962 322 reverentinli,
989 253 1044 328 qui
1071 243 1098 336 iri

150 355 253 413 genere
267 335 459 394 consideratus
473 355 524 411 pro
538 334 648 412 objecto
662 335 747 392 habet
771 333 944 411 majestatem
968 347 1004 392 et
1027 335 1098 390 emi}

150 418 273 476 nentium
288 417 366 474 illius
380 417 428 492 qui
442 417 567 474 timetur.
1097 435 1098 490 l

191 501 343 564 Quomodo
357 499 492 556 dividitur
505 500 597 568 timor,
611 511 696 574 prout
710 497 836 556 ordinem
851 497 921 565 dicit
940 498 978 556 ad
995 498 1098 576 Deuml

150 583 305 640 secundnm
321 581 531 639 couversionem
545 580 590 638 vel
605 581 777 637 aversionem
792 579 925 656 abipso?

192 663 249 722 ΙΙΙ.
271 664 309 722 R.
324 663 354 721 S.
371 661 473 720 Thorn.
487 675 538 720 art.
553 665 581 719 2.
595 662 675 718 illurn
690 661 791 718 dividit
804 661 833 717 in
855 661 986 730 timorem
1013 663 1098 736 mun-l

151 746 265 814 danum,
281 765 331 802 seu
345 743 508 813 humanum,
524 743 662 811 servilem,
674 742 810 800 initialem
825 753 854 800 et
867 743 994 800 filialem.
1097 759 1098 814 t

191 827 246 886 IV.
267 826 499 886 Convenientiam
514 825 597 902 hujus
609 825 754 882 divisionis
767 825 866 901 prohat
882 824 911 882 S.
926 823 982 881 Th.
998 843 1040 880 ex
1054 843 1098 890 eol

151 909 227 984 quod
241 909 286 966 rel
297 907 382 964 homo
396 905 490 966 aiDeo
504 920 618 984 propter
634 905 747 975 malum,
760 907 835 981 quod
850 907 940 971 timet,
957 906 1079 962 recedat
1089 887 1098 976 :l

151 1003 181 1048 et
195 1001 264 1048 tunc
277 989 362 1047 timor
370 990 527 1046 mundanus
538 989 714 1066 appellatur:
729 988 773 1044 vel
788 989 823 1045 ad
833 989 927 1045 Deum
945 1001 1096 1044 converte·

151 1084 198 1128 tur
211 1071 312 1128 timore
326 1090 416 1147 poenaej
431 1071 484 1128 sibi
497 1071 665 1146 infligendae,
682 1082 710 1126 et
724 1081 767 1126 est
789 1070 873 1126 timor
897 1069 1030 1126 servilis:
1054 1087 1088 1148 γε

152 1154 188 1212 sd
203 1153 300 1210 Deum
314 1164 492 1210 convertatur
505 1153 609 1210 timore
623 1152 715 1228 culpae
729 1169 780 1208 seu
794 1151 917 1219 offensae,
932 1163 963 1207 et
977 1163 1085 1207 vocatu

151 1235 237 1292 timor
255 1234 364 1294 filialis:
387 1235 463 1309 quod
477 1235 502 1291 si
516 1235 552 1291 ob
566 1245 717 1308 utrumque
731 1234 836 1290 malum
851 1233 943 1310 culpae
958 1245 990 1290 et
1003 1251 1073 1309 poen

151 1317 187 1375 ad
201 1317 297 1375 Deum
311 1317 436 1384 accedat
451 1317 536 1374 timor
549 1315 662 1373 initialis
677 1327 863 1390 nuncupatur.
1097 1319 1098 1382 l

192 1399 265 1464 Quis
279 1398 366 1474 igitur
378 1398 463 1455 timor
477 1397 579 1454 dicitur
592 1396 772 1456 mundanus?
1097 1399 1098 1428 ¹

193 1481 232 1538 R.
254 1480 291 1549 Is,
307 1499 363 1555 qno
378 1479 483 1536 malum
497 1479 612 1556 aliquod
625 1479 665 1536 ita
678 1478 802 1548 timetur,
823 1489 856 1534 ut
870 1475 956 1534 homo
971 1478 1010 1534 ad
1026 1457 1098 1533 illudl

154 1560 345 1636 effugiendum
359 1572 473 1637 paratus
486 1561 523 1618 sit
539 1561 635 1618 Deum
650 1559 809 1617 offendere:
823 1558 1001 1617 unde—timor
1016 1517 1098 1650 muni

152 1644 250 1712 danus,
265 1643 339 1700 sicut
353 1655 382 1699 et
396 1663 474 1700 amor
487 1643 653 1711 mundanus,
669 1640 729 1717 ejus
744 1642 831 1717 origo,
845 1661 958 1717 semper
973 1653 1018 1698 est
1041 1660 1096 1696 ma·

153 1724 207 1781 lus.
249 1724 297 1780 Ab
312 1723 362 1781 illo
372 1724 473 1782 timore
488 1722 651 1781 dehortatur
664 1743 715 1780 nos
731 1722 859 1782 Christus
874 1723 972 1780 dicens
987 1720 1096 1780 Matth.

153 1825 179 1863 o.
198 1806 244 1862 10.
266 1805 392 1862 “Nolite
407 1806 507 1862 timere
521 1825 579 1874 eos,
596 1805 644 1880 qui
659 1805 791 1863 occidunt
805 1803 932 1880 corpus.”

195 1888 244 1944 An
253 1887 339 1945 timor
352 1888 510 1944 mundanus
521 1899 564 1944 est
574 1899 722 1963 peccatum
733 1887 895 1944 distinctum
905 1887 985 1944 abeo
996 1891 1098 1962 pecca-l

153 1980 193 2039 to,
208 1971 286 2045 quod
300 1989 336 2027 ex
351 1987 385 2026 eo
400 1969 501 2026 timore
516 1968 726 2025 committitur?
1003 2003 1017 2026 .
1097 1959 1098 2052 l

194 2051 230 2109 V.
259 2052 296 2109 R.
319 2050 373 2108 Est
397 2050 548 2126 aliquando
572 2049 736 2107 distinctum
760 2061 916 2127 peccatum,
942 2047 1098 2130 aliquandol

153 2152 219 2190 non.

196 2217 242 2271 1⁰.
259 2213 289 2271 Si
300 2214 362 2289 quis
374 2213 415 2270 sic
425 2211 524 2271 timeat
535 2213 712 2270 amissionem
723 2212 790 2268 boni
800 2209 972 2288 temporalis,
983 2223 1017 2268 nt
1028 2221 1093 2268 autu

152 2295 197 2353 rel
211 2296 315 2352 virtute
329 2306 441 2372 paratus
456 2295 493 2352 sit
502 2291 598 2372 potiris
609 2295 806 2370 quodcumque
815 2303 961 2371 peccatum
975 2292 1098 2358 mortale

152 2377 336 2446 committere,
352 2375 434 2452 quiam
450 2378 517 2433 b'oni
530 2377 606 2433 illius
615 2375 755 2452 jacturam
769 2376 846 2452 pati;
866 2375 952 2432 timor
977 2373 1028 2430 ille
1051 2367 1098 2430 estl

152 2470 299 2534 peecatum
315 2459 478 2516 distinctum
493 2460 527 2515 ab
542 2478 585 2528 eo,
601 2458 676 2532 quod
700 2457 804 2514 existo
818 2457 919 2514 timore
938 2455 989 2521 fic;
1010 2455 1092 2512 etita

153 2540 178 2595 si
192 2541 254 2616 quis
268 2561 304 2597 ex
324 2541 379 2598 isto
403 2541 513 2608 timore,
535 2560 562 2596 v.
585 2560 612 2616 g.
637 2537 752 2616 pejeret,
772 2539 857 2596 timor
878 2549 921 2595 est
943 2549 1090 2614 peccatum

154 2619 349 2678 distinctumia
372 2619 512 2698 perjurio:
533 2621 599 2696 quia
622 2621 671 2677 illa
692 2620 768 2697 prior
788 2621 917 2678 voluntas
939 2632 983 2676 est
1004 2617 1098 2695 pejor<

156 2701 239 2778 qnam
254 2701 415 2778 perjurium,
431 2704 507 2778 quod
521 2721 557 2760 ex
580 2701 628 2760 illa
650 2702 853 2758 committitur:
874 2701 950 2758 unde
975 2701 1005 2756 in
1027 2719 1098 2758 eon-t

154 2784 275 2842 lessione
290 2783 446 2861 exprimere
460 2785 545 2842 debet
558 2784 704 2860 poenitena
720 2785 794 2858 quod
819 2783 939 2840 similem
961 2781 1098 2838 timorem

154 2865 293 2934 habuerit,
308 2877 337 2924 et
352 2885 388 2922 ex
402 2885 437 2922 eo
448 2866 618 2924 commiserit
631 2865 793 2942 perjurium.

195 2951 244 3006 20.
259 2948 380 3012 Quando
394 2948 478 3004 timor
489 2959 532 3005 est
541 2949 577 3004 de
586 2947 735 3004 amissione
745 2947 786 3004 rei
800 2946 917 3014 illicitat,
930 2955 998 3002 tuno
1009 2945 1091 3002 timor

153 3029 201 3087 ille
216 3030 299 3088 etiam
315 3042 358 3087 est
380 3041 527 3106 peccatum
553 3029 715 3086 distinctum
738 3030 773 3085 ab
794 3029 853 3097 illo,
879 3028 954 3102 quod
977 3046 1014 3083 ex
1038 3027 1098 3092 istol

153 3111 254 3170 timore
269 3111 472 3168 committitur:
494 3111 533 3168 ita
546 3111 570 3166 si
585 3111 647 3186 qnia
661 3110 763 3167 timens
777 3131 813 3166 ne
827 3109 916 3186 possit
930 3107 1098 3173 adulterari„

156 3193 271 3270 pejeret,
288 3193 420 3250 distincta
434 3204 516 3249 erunt
529 3203 645 3268 peccata
657 3192 750 3260 timor,
765 3204 794 3250 et
807 3190 969 3268 perjurium.
1097 3207 1098 3250 l

194 3277 244 3330 30.
265 3276 386 3340 Quando
402 3274 486 3331 timor
500 3287 543 3331 est
562 3274 602 3344 ‚de
622 3273 772 3330 amissione
791 3273 831 3330 rei
854 3270 1046 3338 indifferentis,
1067 3269 1098 3350 ⁸³3

154 3354 216 3430 quis
231 3375 266 3412 ex
280 3357 331 3412 tali
345 3357 446 3412 timore
460 3355 573 3430 aliquod
586 3367 734 3432 peccatum
749 3355 915 3421 committat,
938 3354 1022 3410 timor
1041 3351 1098 3410 ille}

153 3456 211 3494 non
225 3447 268 3492 est
281 3449 427 3511 peccatum
438 3437 602 3494 distinctum
617 3435 772 3514 ipeoeato,
784 3437 860 3512 quod
874 3455 910 3492 ex
924 3435 981 3492 isto
991 3435 1087 3492 timore

154 3516 357 3575 committitur:
378 3518 450 3575 ratio
464 3531 515 3587 est,
531 3519 606 3593 qued
620 3518 705 3574 timor
718 3517 766 3575 ille
780 3537 837 3575 non
851 3517 888 3574 sit
913 3516 1029 3574 vitiosus
1054 3533 1085 3570 ex

153 3597 209 3654 alio
223 3596 325 3672 cupite,
340 3598 425 3672 quum
439 3599 505 3674 quia
517 3600 568 3656 tali
582 3597 793 3675 transgressioni
807 3598 986 3676 conjungitur
997 3621 1004 3666 ς
1017 3597 1055 3654 itu
1065 3595 1085 3650 si

154 3677 216 3752 quis
230 3677 333 3734 timeus
343 3677 455 3736 honoris
470 3681 513 3736 sui
519 3679 669 3756 jacturam,
679 3679 794 3758 pejeret,
809 3683 925 3738 unicum
937 3677 1098 3740 committit

154 3769 311 3834 peecatum,
336 3759 445 3816 scilicet
468 3761 640 3837 perjurium
660 3763 738 3821 aliud
760 3783 821 3822 esse
845 3773 950 3840 posset,
975 3761 1000 3818 si
1023 3773 1085 3817 ante

157 3839 344 3916 ¹reposuisset
358 3859 394 3897 ex
408 3841 457 3898 tali
470 3842 570 3901 timore
585 3862 712 3921 peccare.
