2224 4050
171 66 211 122 38
536 81 727 126 unacrauus

163 232 191 276 ὅ*
205 228 257 286 sub
271 245 354 305 prena
373 224 482 303 peceati
504 226 629 286 mortalis
647 227 719 286 scire
741 227 826 286 debet
849 227 982 288 articulos
1003 249 1105 290 omnes

175 315 194 345 “
209 308 337 386 Symboli
351 305 553 384 Apostoloium
563 307 591 375 ;”
606 307 732 385 intellige
746 310 839 385 quoad
852 311 1046 372 substantiam.

210 391 263 450 Ille
274 401 368 449 autem
383 388 487 446 dicitur
499 389 632 447 articulos
646 389 717 448 scire
731 391 823 466 quoad
837 393 1030 464 substantiam,
1043 394 1105 471 qui,

169 473 237 531 licet
260 491 315 530 neo
330 471 413 528 verba
435 471 561 546 precise,
587 487 640 528 nec
653 472 800 530 verborum
826 471 952 532 ordinem
966 475 1105 533 memoria

167 565 271 623 teneat,
286 553 472 628 interrogatus
486 563 581 610 tamen
602 553 638 610 de
652 553 779 629 quolibet
791 553 910 614 articulo
932 557 1105 634 respondere

167 647 274 714 potest,
288 633 421 712 quantum
437 632 525 709 exigit
538 632 651 691 articuli
664 634 828 693 substantie.

210 716 333 775 Proinde
345 733 402 772 non
416 714 520 772 sufficit
521 733 623 792 ,posse
634 716 751 774 recitare
762 715 945 812 Symbolum
937 730 1034 795 ignoto
1046 718 1105 777 sibi

167 799 312 867 idiomate,
326 797 371 854 vel
385 795 456 854 illud
470 815 552 854 nosse
567 796 767 866 materialium
787 799 837 856 sed
850 797 917 856 sciri
936 799 1021 858 debet
1035 819 1105 859 cum

149 907 152 914 ·
167 879 354 956 intelligentia
366 877 547 936 terminorum
559 900 567 946 ;
586 877 671 954 idque
685 879 808 957 practice
821 881 974 938 notandum
989 883 1025 942 de
1038 881 1105 940 aliis

161 960 297 1020 ⁴omnibus
311 960 384 1018 s'uitu
399 957 572 1017 necessariis.

122 1093 129 1107 ,
209 1042 337 1102 Observa
350 1051 444 1099 tamen
467 1059 524 1097 non
539 1039 641 1110 omnia,
666 1060 729 1118 quer
753 1041 782 1099 in
798 1041 933 1120 Symbolo
956 1044 1105 1103 continen-

64 1195 69 1206 .
162 1135 222 1193 tur,
237 1122 363 1200 ejusdem
378 1141 440 1180 esse
461 1122 654 1180 necessitatisa
676 1135 706 1181 et
727 1122 767 1182 ita
781 1123 878 1182 Passio
893 1123 999 1184 Christi
1016 1125 1104 1202 longe

166 1203 280 1282 majoris
308 1203 443 1262 momenti
471 1215 524 1272 est,
552 1223 636 1280 quam
665 1204 872 1263 circumstantia
893 1207 973 1264 “sub
994 1207 1105 1266 'Pontio

162 1293 186 1322 '⁴‘
201 1287 295 1346 Pilato
305 1285 329 1344 :”
355 1285 431 1343 undo
458 1283 541 1362 hujus
569 1285 726 1362 ignorantia
751 1285 770 1346 a
798 1286 881 1366 culpa
902 1288 1001 1346 saltem
1017 1284 1104 1366 gravi

161 1367 295 1428 excusari
309 1377 412 1444 potest.

184 1461 186 1470 '
209 1452 260 1508 An
272 1449 370 1507 fideles
382 1447 466 1505 etiam
486 1447 653 1505 verbotenus
669 1446 834 1524 Symbolum
848 1449 919 1510 scire
939 1450 1104 1510 tenentur?

208 1531 245 1589 V.
270 1531 308 1589 R.
333 1527 517 1598 Affirmative,
538 1529 624 1604 idque
637 1530 736 1606 probat
750 1531 906 1588 communis
920 1551 1017 1590 sensus
1031 1533 1105 1590 tide·

164 1613 258 1672 liumt
279 1623 365 1687 atque
378 1629 413 1668 sa
426 1609 560 1684 obligatio
574 1609 618 1668 vel
632 1611 668 1668 ab
684 1611 841 1687 Apostolis,
856 1613 900 1670 vel
914 1615 951 1670 ab
961 1613 1101 1671 Ecclesiae

169 1694 372 1752 consuetudine
383 1692 542 1749 introducta
555 1704 599 1748 est
609 1715 617 1759 ;
629 1693 705 1750 unde
713 1689 772 1768 jam
788 1692 953 1770 aptioribus
964 1694 1103 1753 Eccleaiae

169 1775 280 1834 mealia
293 1773 432 1836 sancitum
447 1784 498 1840 est,
520 1784 552 1830 ut
565 1773 646 1850 pueri
660 1773 753 1831 statim
778 1793 812 1832 ao
826 1775 960 1832 doctrinm
984 1791 1104 1852 capaces

44 1877 45 1880 ¹
162 1857 250 1926 'fiunt
264 1867 330 1914 ente
350 1854 444 1913 omnia
460 1852 626 1930 Symbolum
650 1866 680 1912 et
701 1854 756 1914 aliu
779 1853 905 1933 ejusdem
927 1855 1104 1916 necessitatis

168 1937 303 2017 mysteria
316 1935 485 2014 perdiscant.

163 2051 165 2056 ,
213 2019 265 2081 v1.
301 2019 390 2077 Porro
417 2017 520 2074 docent
548 2016 703 2086 Malderus‚
732 2016 872 2095 Wiggers,
900 2017 1022 2095 Sylvius,
1051 2023 1104 2078 dre.

171 2101 369 2176 obligationem
384 2089 551 2156 rcrbotenbs
563 2097 668 2156 sciendi
669 2097 856 2175 Symbolum,
867 2119 918 2194 per
931 2119 962 2158 ae
976 2120 1032 2158 non
1041 2121 1103 2160 esse

170 2201 293 2279 gravem,
307 2183 358 2243 sed
372 2181 482 2241 tantum
498 2179 608 2238 levem·
630 2180 654 2236 si
667 2191 762 2237 tamen
775 2181 919 2258 exsupina
931 2181 1104 2260 negligentia

171 2264 310 2342 quispiam
324 2261 395 2319 illud
409 2259 529 2318 nesciret
542 2260 668 2330 recitare,
692 2279 748 2318 non
763 2262 845 2320 facile
867 2261 971 2322 forcti
991 2263 1104 2322 mortali

171 2345 364 2410 excusandum
385 2342 451 2420 quia
464 2341 528 2404 talis
541 2342 706 2419 plerumque
720 2341 803 2400 etiam
819 2343 958 2420 ignorabit
970 2345 1104 2403 articulos

172 2428 265 2505 quoad
278 2424 472 2491 substantiam,
485 2435 515 2480 et
528 2423 649 2518 graviter
661 2423 823 2500 negligens'
816 2425 973 2482 mvenietur
982 2427 1012 2484 in
1022 2447 1104 2484 exer·

164 2509 269 2568 condis
283 2506 392 2567 actibus
406 2505 481 2574 fidei,
495 2504 565 2581 spei,
580 2505 632 2563 &u
646 2506 721 2564 unde
736 2505 846 2564 dicitS.
861 2507 966 2582 Aug.‘
968 2507 1103 2578 ‘Nescia

174 2591 261 2667 “quia
284 2590 375 2646 fronte
399 2607 430 2647 se
445 2585 635 2646 Christianum
659 2586 744 2656 dicat,
768 2587 816 2663 qui
839 2607 943 2664 paucos
964 2607 1061 2646 versus
1075 2589 1104 2648 in

132 2718 133 2722 ,
173 2671 345 2750 “Symbolo
358 2681 388 2726 et
401 2667 537 2727 Oratione
553 2667 704 2726 Dominioa
716 2687 877 2745 comparere
892 2669 1076 2728 dissimulat?

215 2751 366 2819 Quomodo
380 2749 514 2806 dividitur
531 2748 696 2826 Symbolum
711 2749 939 2834 Apostolorum?
983 2759 985 2764 '

213 2836 283 2894 vn.
298 2833 335 2892 R.
350 2828 515 2889 Dividitur‘
508 2849 537 2886 ιιι
551 2829 698 2888 duodecim
715 2829 868 2900 Articulos.
881 2843 910 2890 et
923 2830 993 2891 baec
999 2833 1101 2891 divisio

172 2929 288 2994 recepta
302 2912 389 2990 magis
409 2924 461 2980 est,
485 2923 515 2968 et
529 2912 674 2970 observata
695 2910 905 2972 &Cateclrismo
920 2914 1005 2973 Rom.
1019 2914 1102 2992 juxta

172 3015 320 3060 numerum
337 2993 581 3088 Apostolorum.

214 3078 359 3156 Distingui
370 3076 454 3133 etiam
469 3073 558 3132 solet'
551 3093 579 3130 ιιι
589 3085 646 3132 tres
656 3084 760 3151 partes,
769 3094 886 3150 quarum
895 3077 985 3154 prima
998 3078 1058 3154 agit
1067 3043 1101 3134 de

165 3166 258 3237 ‚Patre
281 3173 310 3218 et
334 3177 427 3216 rerum
452 3155 602 3224 creatione,
625 3156 748 3214 secunda
765 3157 801 3214 de
822 3157 895 3215 Filio
918 3171 947 3216 et
961 3157 1101 3237 Mysterio

172 3240 382 3320 redemptionis,
393 3237 476 3296 tortia
486 3237 522 3294 de
535 3235 641 3314 Spiritu
653 3236 765 3310 Sancto,
776 3237 855 3297 fonto
865 3239 1100 3299 sanctificationis.

173 3397 561 3468 N.26.EXPL10AT10
578 3397 762 3460 SYMBOLI
775 3399 1099 3464 APOSTOLORUM.

173 3572 197 3629 1.
223 3567 325 3630 Credo.
365 3564 406 3623 11.
427 3561 475 3621 In.
516 3562 573 3620 111.
586 3561 694 3621 Deum.
735 3513 788 3622 lV.
809 3563 939 3622 Patrem.
980 3567 1018 3624 V.
1037 3567 1099 3626 Om-

291 3649 469 3725 nipotentem.
511 3645 563 3702 VI.
588 3643 752 3704 Creatorem
766 3645 829 3706 ooeli
848 3655 980 3708 ettetrae.

209 3807 393 3873 EXPLICA
407 3782 533 3888 primum
543 3808 691 3870 articulum
708 3807 835 3890 Symboli
850 3810 1062 3890 Apostolorum.
