2224 4050
325 139 391 194 ⁸nu
412 136 617 183 vtnrunmus.
911 125 948 183 lt

64 283 110 346 tu.
133 287 204 344 Aru
225 296 269 344 eso
292 281 358 344 ouer
383 287 541 364 rumpere,
563 295 646 362 qum
674 269 759 343 tuno
781 285 884 363 Apost.
911 287 949 346 au

33 369 92 428 Heu
108 385 174 444 cop.
191 369 238 425 ll.
252 368 290 426 V.
307 373 332 426 l.
343 364 397 443 qud
412 369 481 426 fides
495 369 614 426 dicitur:
636 372 654 402 “
666 366 870 442 Spermuumm
883 369 949 426 snb*-

33 449 148 508 “stcutis
162 466 264 518 rernm,
277 461 471 526 argumentum
486 469 541 506 non
556 444 775 526 appeteremur·
938 473 941 480 Δ

61 532 141 590 Hono
165 532 382 608 descriptionem
408 531 438 588 S.
461 530 562 588 Tlrom.
588 533 615 587 2.
638 531 666 588 2.
690 540 788 605 quaest.
810 531 838 588 4.
852 529 903 590 art.
922 529 947 590 l.
969 571 971 576 ,
1063 583 1066 592 .

30 615 113 690 probet
127 632 194 670 esse
209 613 374 688 legitimum,
387 617 471 688 utque
485 630 548 670 eom
560 612 671 670 reducit
684 613 713 668 in
728 610 801 670 hanc
812 613 948 672 lor-mum:

30 701 44 728 ‘⁴
55 695 131 752 lides
162 703 206 751 eu
234 694 345 752 habmus
369 695 479 762 mentis,
507 701 563 770 quo
590 692 737 750 inchoetur
764 691 821 751 vio
844 706 949 752 aeterne

28 783 42 810 ‘⁴
52 776 179 842 innobis,
194 777 301 834 lerneus
318 776 495 834 intellectum
508 775 642 835 assentire
656 793 712 831 non
725 773 949 852 uppaientlbns.”

59 857 104 914 IV.
126 857 265 915 Dicitur:
287 857 517 934 “sperandarum
539 856 694 914 substantie
714 856 833 926 rerum,''
854 855 884 914 id
906 858 950 916 est

26 939 86 997 buis
98 955 156 996 seu
172 939 396 1006 fundumentum,
410 939 456 996 ‘cul
470 947 533 1015 sper
556 943 658 1008 nostru,
681 937 740 996 sire
760 938 844 1008 solus,
865 955 950 1022 quum

26 1035 173 1096 mamus,
196 1033 258 1078 tote
273 1020 427 1077 ¹innititur:
455 1019 537 1096 juxte
559 1019 629 1077 alios
653 1029 696 1078 est
724 1019 879 1079 substantie
899 1032 950 1078 seu

26 1101 218 1169 obsistentia
237 1103 302 1178 qnia
322 1097 396 1160 bona
415 1114 528 1170 oetema,
552 1119 616 1176 quae
644 1116 796 1178 speramus,
819 1101 848 1163 in
868 1101 950 1159 nobis

24 1183 230 1258 quodmodo
243 1183 396 1240 subsistere·
407 1183 483 1253 tutto,
499 1185 534 1240 de
555 1183 677 1240 illisum
693 1195 751 1240 tom
773 1188 866 1242 certos
886 1183 950 1240 reu·

24 1265 115 1332 dendo,
131 1279 169 1322 ac
183 1265 209 1322 si
218 1268 279 1342 jem
292 1273 387 1322 esseut
401 1262 508 1323 duobis
522 1279 658 1341 possesse.

56 1347 193 1404 Dicitur:
230 1349 463 1422 “Argumentum
498 1364 554 1403 non
589 1343 809 1422 apparentium‚”
836 1344 866 1402 id
895 1343 949 1414 est',

23 1428 166 1496 convictio,
181 1429 250 1507 quio
263 1428 422 1485 intellectus
436 1428 582 1504 perfidem
597 1427 771 1484 convincitur
784 1425 820 1485 du
834 1426 950 1484 veritate

21 1525 114 1578 rerum,
131 1523 201 1584 quae
216 1526 270 1568 nec
284 1509 564 1583 connumeratione
578 1509 778 1585 percipiuntur.

55 1589 120 1668 Olrj.
143 1591 280 1648 Infernus
304 1603 413 1660 estnec,
435 1609 498 1666 quae
520 1591 576 1646 fide
597 1590 738 1658 creditur;
758 1589 836 1666 utqui
855 1595 951 1648 temon
1041 1629 1043 1638 ·

22 1691 68 1728 non
81 1685 128 1730 ost
141 1690 191 1729 res·
205 1674 359 1750 sperando:
380 1691 447 1746 ergo
460 1672 610 1748 descriptio
624 1672 678 1729 isto
690 1689 745 1730 non
761 1683 804 1728 est
817 1671 951 1746 legitimo.

54 1755 88 1810 ll.
110 1754 204 1817 Fides
229 1755 331 1812 interni
345 1754 505 1811 continetur
525 1755 577 1810 sub
590 1753 696 1810 ultimis
718 1752 808 1810 verbis·
828 1750 951 1829 descripa

20 1836 103 1903 tionis,
131 1837 279 1910 quatenns
299 1837 368 1893 fides
390 1835 493 1892 dicitur
522 1839 760 1910 “Argumentum
790 1853 847 1892 non
867 1853 951 1913 appo·

20 1925 35 1950 ‘¹
46 1917 205 1974 rentium.'’

52 1996 87 2055 V.
110 1998 204 2057 Unde
220 2011 297 2064 note.
312 2015 368 2055 non
382 2005 465 2054 omne
479 1994 618 2073 objectum
641 1996 707 2054 fidei
728 2015 789 2055 esse
810 1993 952 2072 objectum

20 2081 83 2156 spem
98 2099 153 2136 seu
164 2079 313 2136 hominem
329 2081 441 2138 credere
456 2077 557 2152 eliqua,
569 2097 631 2153 quae
645 2098 702 2136 non
716 2089 827 2155 sperat;
841 2089 873 2134 ut
887 2071 952 2134 sunt

20 2163 92 2228 nolu,
107 2161 181 2218 item
201 2163 277 2218 bonu
290 2161 430 2238 preterita
443 2159 487 2216 vel
499 2160 659 2236 presentie.

149 2324 192 2382 N.
217 2325 263 2380 10.
304 2323 361 2380 DE
382 2321 481 2379 FIDE
504 2320 738 2382 SECUNDUM
760 2319 817 2380 SE.

290 2485 324 2543 s.
343 2483 443 2544 onom.
464 2485 493 2540 2.
509 2487 536 2542 2.
550 2457 648 2560 quoe.
662 2484 690 2542 u.

18 2614 38 2670 1.
54 2612 148 2670 Fides
162 2618 210 2667 est
224 2609 257 2664 iu
271 2605 412 2664 intellecto
425 2616 459 2664 ut
471 2605 600 2682 subjecto.
639 2606 680 2664 II.
694 2606 793 2664 Etiam
806 2607 838 2668 in
851 2607 951 2666 uolun-

49 2705 108 2751 tate
120 2702 157 2750 ut
169 2693 343 2766 imperante.
383 2688 439 2746 ΙΙΙ.
453 2687 543 2746 Fides
551 2708 607 2766 per
620 2692 704 2745 se10.
717 2697 758 2745 est
766 2689 951 2766 epaulo'tt'ta.

50 2775 103 2832 lv.
124 2771 190 2832 Est
205 2772 294 2830 etiam
302 2771 445 2846 practico.
486 2769 522 2826 V.
542 2767 601 2826 Est
614 2771 716 2844 prima
740 2769 838 2828 Virtus
850 2771 953 2828 ordine

47 2853 264 2931 ymeratioms.
306 2849 357 2909 v1.
380 2847 442 2908 Sed
453 2869 511 2908 non
520 2852 621 2928 primo
630 2851 740 2926 qratia.

50 2979 97 3036 IN
111 2995 172 3054 qua
186 2975 292 3034 animm
305 2973 431 3052 potentin
444 2984 488 3030 est
502 2972 609 3030 Fides?

49 3060 76 3118 Ι.
98 3061 139 3118 R.
155 3059 216 3116 Est
229 3057 257 3114 in
277 3055 423 3112 intellectu
437 3065 566 3129 tunquam
582 3049 759 3129 insubjecto‚
781 3053 844 3112 cum
858 3051 953 3129 objec-

15 3156 68 3198 tum
94 3141 167 3199 fidei
194 3139 234 3196 sit
257 3157 352 3195 verum
376 3148 409 3192 ut
432 3136 497 3211 tale,
519 3135 645 3210 adeoque
669 3135 782 3192 credere
806 3147 850 3191 est
866 3147 951 3192 ectus

16 3221 191 3290 intellectus,
208 3232 241 3276 ut
255 3239 346 3292 censue
361 3217 515 3274 elicientis:
536 3216 601 3274 hino
615 3216 717 3288 dicitur
730 3217 765 3273 ud
780 3216 870 3282 Hebr.
890 3235 953 3294 cap.

19 3308 58 3361 ll.
74 3305 115 3362 V.
133 3305 164 3359 3.
211 3307 230 3334 “
242 3299 312 3358 Fide
326 3297 507 3374 intelligimus
521 3311 615 3374 optato
628 3315 693 3354 csse
703 3296 830 3356 saecule.”

51 3387 93 3444 ΙΙ.
116 3385 209 3442 Fides
232 3395 326 3439 tamen
351 3379 434 3438 etiam
456 3392 498 3436 est
519 3379 547 3436 in
563 3379 705 3436 voluntate
726 3391 758 3436 ut
780 3379 951 3456 imperanter

16 3465 75 3525 lu'nc
94 3469 176 3542 Aug.
194 3463 291 3521 Tract.
306 3463 353 3520 20.
366 3461 395 3516 in
408 3459 567 3520 Joennem:
589 3461 741 3519 “Credere
757 3479 838 3518 nemo
858 3473 952 3541 potest

17 3559 31 3579 ¹¹
44 3549 102 3606 nisi
116 3544 247 3605 rolens.”

54 3631 145 3687 Ratio
168 3640 225 3695 est,
251 3624 325 3700 quud
339 3624 367 3680 iu
389 3623 445 3684 fide
459 3621 618 3680 intellectus
637 3641 694 3680 non
716 3619 896 3680 convincetur
914 3625 952 3682 ad

17 3710 232 3770 assentiendum
246 3725 297 3783 per
310 3705 478 3764 evidentium
492 3703 603 3780 objecti,
613 3715 656 3760 est
670 3703 743 3760 enim
758 3714 952 3778 argumentum

20 3813 68 3850 uon
82 3785 305 3870 apparentium:
325 3787 399 3844 unde
413 3785 563 3864 requiritur
582 3784 709 3860 quaedem
732 3783 778 3864 pia
797 3777 907 3842 affectio
923 3798 953 3842 et

60 3871 161 3933 Tmct.
174 3873 215 3932 de
234 3867 404 3932 tornentur.
566 3883 583 3924 c
