2248 4070
163 97 223 155 328
346 139 349 146 .
534 107 729 159 rnacraros
773 93 779 103 “

161 255 256 340 potest
265 251 393 320 satisfieri
405 259 471 338 legi,
482 260 611 338 quianon
623 253 738 339 ponitur
744 273 823 320 actus
834 273 996 339 prereptus
1005 265 1095 339 quoad
1107 261 1108 286 ¹

162 342 362 404 substantiam:
383 343 423 400 ita
436 361 486 418 per
501 343 735 402 Communionem
751 344 913 421 sacrilegam
924 363 981 402 non
996 343 1096 403 satisfit

162 423 234 501 legi3
257 423 323 501 quia
334 423 497 504 praecipitur
511 425 613 482 devota
627 425 806 484 Communia.

169 538 172 547 ν
202 505 243 564 11.
263 505 336 582 Legi
360 505 522 584 particulari
547 505 682 585 (exceptis
705 506 768 582 lege
792 505 933 564 charitatis
958 507 1032 576 Dei,
1055 509 1096 566 cui

161 598 300 664 repugnat
310 607 393 646 omne
403 583 669 665 peceatum)potest
678 587 805 646 satisfieri
813 607 864 664 per
874 601 966 646 actum
980 589 1095 660 malum,

162 669 187 727 si
199 681 294 727 tamen
307 670 398 727 bonus
421 669 458 726 eit
482 669 509 726 in
535 669 585 726 illo
609 689 710 745 genere
724 670 835 726 virtutis
850 670 895 728 vel
908 671 1096 741 rectitudinis,

161 769 245 828 quam
259 751 306 809 lex
319 751 456 828 precipit,
471 771 522 808 seu
535 771 618 828 quam
629 752 676 808 lex
689 751 804 827 respicit
814 771 849 808 ex
863 752 918 808 fine
932 751 1095 822 intrinseco,

160 825 205 890 rel
222 833 327 890 motivo
347 833 458 890 formali
482 833 629 910 proximo:
651 833 692 890 sic
706 845 848 909 praecepto
861 831 984 908 justitiae
999 835 1097 892 satisfit

161 933 213 991 per
226 925 320 972 actum
335 915 490 972 formaliter
498 913 617 991 justum,
638 933 688 971 sen
702 914 827 990 positum
841 916 1001 974 secundum
1017 917 1096 974 rec-ti·

161 996 289 1054 tudinem
303 1007 332 1054 et
345 995 456 1072 regulas
464 994 593 1072 justitiae,
608 996 675 1054 licet
688 995 736 1053 ille
751 1007 830 1053 actus
844 995 965 1065 aliunde,
983 1017 1012 1054 v.
1024 1017 1052 1074 g.
1065 1017 1096 1054 ex

160 1077 218 1135 line
231 1077 320 1158 aliare
334 1078 543 1135 circumstantia
557 1078 716 1146 iracundiae,
738 1077 898 1147 aversionis,
920 1079 973 1136 ne.
989 1078 1030 1135 sit
1044 1097 1097 1136 rna·

160 1159 222 1222 lus:
243 1159 314 1216 ratio
328 1173 380 1224 est,
401 1160 475 1234 quod
501 1172 580 1216 actus
604 1171 761 1236 praeceptus
783 1171 903 1236 ponatur
923 1160 1021 1235 quoad
1037 1161 1096 1217 snb·

162 1241 292 1298 stantiam
307 1263 314 1308 ;
334 1259 397 1298 narn
413 1253 464 1318 pro
473 1237 584 1316 justitia
604 1241 734 1318 privatim
748 1241 922 1298 considerata
933 1241 1045 1299 sufficit
1055 1261 1096 1299 ac·

160 1332 222 1379 ιιιιιι
236 1341 297 1380 esse
306 1321 430 1398 justum:
443 1335 472 1380 et
486 1341 628 1380 removere
642 1324 682 1379 ab·
692 1322 742 1378 illo
755 1335 820 1380 actu
835 1323 947 1390 malum,
964 1343 996 1380 v.
1006 1343 1034 1400 g.
1048 1323 1095 1382 ira·

161 1404 280 1473 tundite,
302 1423 358 1461 non
382 1415 490 1481 spectat
512 1404 616 1462 directe
641 1405 675 1462 ad
692 1403 823 1460 virtutem
842 1402 973 1480 justitia,
998 1405 1048 1461 sed
1061 1407 1092 1462 ad

161 1485 293 1543 virtutem
308 1486 516 1562 temperantiae:
531 1485 724 1561 similiterlegi
736 1485 873 1544 Ecelesiae
887 1485 943 1543 de
930 1485 1047 1562 jejunio
1056 1506 1095 1544 sa·

161 1566 259 1624 tiefieri
283 1579 377 1644 potest
400 1587 451 1644 per
474 1579 567 1624 actum
588 1567 712 1662 positum
728 1568 880 1624 secrrndrim
895 1568 1094 1625 rectitudinem

162 1648 273 1706 virtutis
287 1649 473 1720 abstinentius,
488 1648 596 1706 etiarnsi
610 1663 690 1708 actus
704 1648 816 1706 aliunde
830 1643 930 1707 lrabeat
943 1649 1093 1720 defectum,

163 1751 188 1787 v.
200 1749 226 1806 g.
241 1749 317 1788 vanae
333 1731 439 1806 gloriae.

205 1811 271 1888 Obj.
293 1813 318 1870 1.
339 1812 417 1870 Dum
442 1823 521 1872 actus
545 1823 589 1871 est
609 1811 708 1882 malus,
730 1829 786 1869 ιιοιι
804 1811 918 1889 ponitur
931 1823 1016 1870 actus
1030 1829 1095 1890 pra·

163 1911 196 1951 ce
216 1905 271 1952 lus.

196 1911 363 2033 linaltatur:
398 1975 445 2034 lex
468 1975 597 2053 praeeipit
620 1985 713 2034 actum
741 1976 856 2044 bonum,
887 1993 943 2032 ιιοιι
972 1969 1108 2033 malunt:

163 2071 239 2134 ergo,
261 2057 312 2114 &a

115 2177 120 2202 1
166 2139 242 2196 R.
263 2139 339 2196 Dist.
357 2157 479 2214 assnmp.
492 2137 555 2196 Lex
579 2138 707 2216 praecipit
731 2149 825 2196 ectum
848 2137 951 2194 bonnm
968 2144 1096 2196 “secun-

163 2225 181 2256 “
197 2221 263 2278 dum
279 2219 363 2295 quid'
375 2231 407 2278 ιι
419 2220 448 2276 in
463 2232 540 2278 certo
554 2239 656 2296 genere
669 2215 854 2287 rectitudinis,
868 2239 946 2276 cone.
960 2232 1096 2297 assumpt.

162 2302 209 2359 lex
223 2301 397 2379 particularis
417 2302 546 2379 praecipit
567 2313 661 2359 actum
682 2303 867 2384 undequaque
887 2301 1006 2371 bonum,
1027 2321 1095 2380 nego

163 2401 255 2442 assum
277 2395 297 2441 t

167 2403 297 2524 Unde
303 2484 358 2521 non
373 2464 483 2533 dicitur,
498 2477 651 2540 peractum
667 2466 780 2532 malum,
794 2437 988 2540 qnatesdeest
1000 2464 1108 2529 malus,

163 2547 289 2604 satisfieri
314 2547 379 2622 legi,
400 2548 451 2602 sed
465 2547 601 2620 quatenus
614 2545 698 2604 habet
713 2545 908 2604 rectitudinem
923 2545 967 2604 vel
994 2548 1108 2603 bonurn

162 2628 273 2685 virtutis
287 2647 350 2703 quae
365 2627 546 2704 praecipitare
568 2628 609 2685 sic
623 2645 673 2704 per
687 2639 781 2684 actum
796 2627 930 2704 injustum
944 2647 1007 2684 non
1021 2628 1095 2684 ιιιιι-

161 2709 195 2766 fit
218 2709 306 2786 legi
294 2709 423 2802 justitia,
444 2727 496 2766 nec
509 2727 560 2785 per
573 2723 667 2766 actum
682 2709 905 2786 intemperantiae
918 2708 975 2784 legi
991 2721 1094 2802 tempe·

161 2791 269 2860 rantite,
291 2790 357 2866 quia
370 2790 510 2848 rectitudo
524 2803 666 2868 praecepta
679 2789 725 2848 hic
743 2790 846 2859 delicit,
868 2803 897 2848 et
917 2789 998 2848 nulla
1011 2791 1108 2878 virtue

105 2905 109 2912 ·
163 2885 301 2951 repugnat
315 2871 484 2948 sibiipsi.

66 2949 70 2953 ’
204 2954 304 3030 Itaque
328 2953 440 3030 proprie
462 2965 491 3010 et
512 2953 665 3010 formaliter
678 2953 828 3028 loquendo,
848 2969 933 3010 nemo
953 2953 1108 3044 peccando¹

164 3035 301 3094 satisfacit
314 3035 380 3111 legi,
395 3036 445 3092 sed
459 3055 578 3110 peccans
593 3046 686 3111 potest
701 3035 860 3091 satisfacere
869 3032 928 3109 legi
936 3013 1108 3128 particulari

162 3119 191 3175 in
213 3117 381 3200 rectitudine
405 3116 525 3184 virtutis,
548 3130 644 3173 contra
668 3135 750 3192 quam
775 3135 831 3172 non
855 3128 973 3191 peccat:
1006 3109 1108 3190 potest,

164 3193 238 3258 enim
252 3199 418 3275 plerumque
442 3197 582 3256 rectitudo
606 3197 689 3254 unius
704 3197 813 3253 virtutis
838 3195 921 3253 simul
944 3209 1023 3254 stare
1036 3216 1108 3278 cum}

164 3282 289 3339 delectu
292 3291 388 3339 contra
401 3279 483 3336 aliam
496 3279 636 3346 virtutem,
651 3291 680 3336 et
694 3277 735 3335 sic
745 3289 838 3354 potest
849 3277 943 3335 lraberi
957 3265 1108 3335 rectitudo

164 3383 226 3439 quae
237 3362 406 3439 praecipitur,
421 3361 488 3419 licet
499 3360 581 3417 simul
593 3359 727 3418 habeatur
738 3360 874 3429 delectus,
888 3379 938 3417 seu
950 3371 1108 3452 ιιιιιιιιιιι1

164 3457 261 3502 contra
274 3443 357 3501 aliam
371 3443 513 3500 virtutem.

206 3523 272 3599 Obj.
293 3525 332 3580 ΙΙ.
355 3523 460 3582 Saltem
485 3522 594 3598 legibus
615 3520 752 3580 Eceleeiae
776 3539 833 3578 non
853 3532 947 3598 potest
970 3501 1108 3578 satisfieri

165 3617 323 3681 peractum
339 3605 452 3661 malum.
1107 3643 1108 3672 ,

206 3685 369 3742 Probatur:
366 3646 536 3742 Ecclesia
536 3702 591 3741 non
615 3684 724 3740 tanturn
749 3679 878 3760 precipit
899 3681 1108 3740 rectitudinem

37 3763 108 3800 ι
166 3755 287 3900 rr'priutia,
308 3766 358 3822 sed
382 3766 466 3824 etiam
489 3765 609 3830 intendit
624 3777 703 3822 actus
717 3765 881 3843 simpliciter
894 3765 1002 3823 bonna:
1023 3783 1095 3842 ergo,

197 3863 221 3902 c.
