2226 4064
367 109 413 168 uav
430 107 574 152 sectans.
880 94 947 160 2891

58 258 182 327 letentur,
202 253 312 314 situlas
334 255 418 317 edant
441 273 538 314 carnes
560 253 606 312 die
623 249 725 331 jejunii
739 252 941 326 Ecclesiastici‚

24 361 66 400 eos
77 359 129 396 non
143 357 260 414 peccare
269 349 366 395 contra
376 337 466 412 legem
483 335 629 405 Ecclesiae,
641 336 766 412 adeoque
780 355 834 395 nec
843 349 946 396 carues

26 423 60 480 sis
83 419 293 489 ministrantem,
320 419 375 476 nisi
401 418 430 475 iu
459 417 596 476 Ecclesia
624 429 817 494 contemptum
844 437 941 477 carnes

26 503 200 562 comederent.
266 527 270 544 ι

58 583 94 641 11.
107 583 156 639 3⁰.
171 579 318 650 Haeretici,
329 579 515 647 schismatici,
527 580 675 657 Apostatre
686 589 715 638 et
728 579 834 654 similes
844 599 942 640 omues

25 663 153 742 baptizati,
168 655 327 738 obligantur
350 663 460 740 legibus
475 661 621 730 Ecclesiae,
644 680 707 737 quae
729 660 804 738 ipsos
828 667 942 721 concer-

25 757 102 813 nunt3
121 745 187 822 quia
208 764 259 821 per
281 745 456 822 Baptismnm
482 743 619 802 Ecclesiae
643 742 748 800 subditi
769 743 836 801 tacti
858 761 944 803 sunt.

25 845 104 902 neque
117 826 206 902 magis
219 845 237 883 a
222 824 398 902 legibus
373 847 433 902 eJus
447 825 602 892 solvuntur,
617 823 701 900 quim
722 823 826 882 subditi
848 838 945 885 contra

25 909 170 985 legitimum
185 907 345 984 Principem
359 907 478 966 rebelles
491 905 508 964 b
522 905 630 982 legibus
646 905 793 982 Principis.

60 992 104 1048 An
117 1009 186 1066 ergo
198 987 324 1046 heretici
337 1002 464 1066 peccant,
479 989 547 1046 dum
561 1007 617 1045 non
631 989 779 1046 observant
788 985 896 1065 jejunia
916 999 945 1047 et

26 1060 86 1130 festa
98 1071 133 1128 ab
149 1069 279 1129 Ecclesia
292 1082 397 1130 statuta
410 1071 423 1128 i

59 1153 93 1210 R.
115 1151 311 1211 Affirmativb:
331 1153 385 1210 nisi
399 1171 449 1230 per
462 1170 573 1210 caumm
587 1151 718 1226 aliquam,
733 1170 760 1208 v.
775 1170 802 1228 g.
816 1139 944 1228 ignoran-

25 1233 82 1292 tum
96 1245 285 1292 excusentur.

58 1312 121 1390 Obj.
135 1315 163 1372 1.
178 1315 315 1372 Haeratici
329 1334 385 1372 nou
409 1327 475 1372 sunt
498 1314 527 1370 in
542 1313 689 1372 Ecclesia:
711 1333 778 1391 ergo
801 1333 858 1374 non
881 1329 947 1384 sunt

26 1396 119 1454 abditi
134 1395 282 1454 Ecclesia.

58 1477 93 1535 R.
108 1477 188 1536 Dist.
202 1490 259 1534 ant.
275 1475 412 1536 Haeretici
425 1495 481 1534 non
495 1476 604 1534 suntin
618 1473 749 1537 Ecclesia
762 1478 895 1554 quantum
908 1481 947 1537 ad

26 1559 148 1616 unionem
164 1557 306 1618 charitatis
320 1571 348 1616 et
368 1558 571 1616 communionis
580 1557 762 1628 Sanctorum,
787 1579 866 1616 conc.
891 1569 955 1619 ant,

25 1659 71 1697 non
84 1652 154 1696 sunt
167 1640 198 1699 iu
211 1639 345 1698 Ecclesia.
352 1640 444 1714 quoad
459 1639 669 1716 subJectionem,
684 1659 748 1716 neg.
761 1652 819 1698 ant.
844 1641 949 1700 etenim

25 1741 66 1798 per
79 1721 225 1798 Baptisma
239 1721 305 1778 facti
319 1733 384 1778 sunt
398 1721 504 1778 subditi
518 1721 663 1787 Ecclesia,
685 1733 714 1778 et
728 1733 841 1780 manent
855 1743 949 1800 perso·

25 1802 116 1860 naliter
131 1803 270 1860 Ecclesiae
285 1801 412 1878 subjecti,
427 1801 596 1878 ubicumque
605 1793 724 1860 fuerint.

51 1882 122 1966 Obj.
137 1885 179 1944 11.
202 1884 332 1942 Ecclesia
353 1884 464 1941 videtur
485 1884 608 1942 relaxare
633 1884 710 1959 leges
730 1901 794 1941 suas
818 1896 951 1960 respectu

23 1960 222 2032 hereticorum,
246 1965 312 2041 quia
335 1965 462 2040 urgendo
483 1964 686 2025 observantiam
709 1964 814 2041 legum,
839 1965 949 2024 nullutn

23 2047 117 2104 bonum
134 2047 267 2106 effectum
277 2057 426 2124 expectare
440 2058 543 2123 potest,
552 2047 602 2104 sed
613 2045 701 2122 magis
711 2057 827 2123 peccata
836 2046 949 2105 illorum

23 2141 47 2186 et
59 2128 181 2186 offensas
195 2128 271 2186 Dei:
293 2147 369 2205 ergo,
392 2128 444 2185 &c

56 2210 92 2269 R.
113 2209 189 2286 Neg.
216 2222 290 2270 ant:
320 2209 497 2268 Contrarium
525 2219 602 2286 patet
630 2228 666 2266 ex
693 2220 787 2267 mente
811 2209 949 2268 universa

23 2289 174 2350 Ecclesiaet
188 2292 223 2348 erl
234 2303 349 2367 peccata
362 2303 455 2350 autem
470 2290 581 2348 illorum
591 2289 720 2352 Ecclesia
733 2311 763 2348 se
778 2289 862 2350 habet
872 2295 956 2350 mere.

23 2372 179 2448 permissive
201 2375 237 2430 ob
262 2373 374 2430 altiores
401 2371 531 2439 rationes,
559 2392 596 2430 ne
623 2372 731 2430 scilicet
758 2391 822 2430 curn
849 2385 948 2451 aperto

22 2453 148 2510 scandalo
162 2453 287 2512 fidelium
302 2454 394 2512 lavere
409 2453 536 2510 videatur
558 2452 666 2522 haeresi,
681 2454 747 2510 durn
763 2451 888 2511 haeretici
912 2473 949 2512 ex

22 2526 172 2610 pertinacia
190 2555 241 2592 sua
262 2535 420 2600 obtinerent
443 2535 682 2603 commodumst
706 2533 889 2596 liberarentur
913 2538 948 2594 ab

23 2615 147 2674 oneribus
159 2616 262 2692 legum,
274 2617 374 2692 quibus
385 2615 482 2674 fideles
493 2614 686 2692 subjiciuntur.
722 2615 834 2674 Deinde
849 2617 949 2676 eodem

22 2697 85 2754 ratio
100 2698 245 2758 relaxandi
261 2697 391 2758 militaret
404 2717 455 2773 pro
470 2698 599 2754 omnibns
619 2696 699 2754 malis
714 2695 888 2764 Christianis.

47 2779 142 2836 An'
134 2799 163 2837 ιιι
190 2777 242 2840 bac
267 2780 357 2856 patria
377 2777 517 2836 catholica
539 2778 636 2836 licet
628 2798 657 2836 ιιι
685 2797 782 2838 mensa
807 2797 970 2856 apponere,

21 2857 154 2921 hereticis
169 2881 266 2919 carnes
280 2859 355 2920 feriis
369 2859 455 2918 sextis
469 2873 518 2917 aut
532 2859 651 2918 diebus
639 2858 764 2940 Jejunii?

57 2941 115 3000 111.
131 2942 168 3000 R.
184 2943 256 3001 Cum
274 2942 412 3000 Dnelman
427 2955 456 3000 et
471 2940 590 2998 Billuart
614 2939 643 2998 id
666 2941 839 3018 cauponibus
864 2941 948 3000 licere

17 3039 66 3096 >pro
79 3023 136 3082 illis
150 3023 359 3102 henriciana
350 3023 408 3079 ob
423 3023 617 3081 necessitatem
629 3035 678 3082 aut
688 3041 815 3098 magnam
827 3023 948 3098 aliquam

22 3121 128 3162 causam
155 3119 298 3164 morantur
326 3103 353 3160 in
378 3105 486 3181 patr-is;
506 3123 570 3160 nam
594 3104 700 3181 quibus
727 3105 809 3161 datur
837 3124 898 3162 esse
918 3105 960 3176 iu,

22 3185 226 3260 patrimdantur
236 3187 320 3244 etiam
335 3185 535 3260 consequentia
548 3185 584 3242 ad
597 3205 677 3242 esse·
692 3185 732 3242 sic
747 3185 906 3252 venduntur
920 3199 949 3244 et

24 3267 122 3324 dantur
134 3287 231 3324 carnes
247 3267 382 3326 militibus
396 3265 535 3326 baereticis
548 3279 675 3360 ternpore
688 3265 764 3324 belli.
958 3339 960 3343 ι

61 3340 91 3405 Si
106 3349 172 3406 verb
185 3345 335 3406 haereticus
348 3347 485 3424 quispiam
500 3364 625 3406 versetur
638 3347 668 3404 in
681 3349 771 3425 patria
783 3347 951 3406 ambulatio·

23 3428 70 3496 nis,
85 3441 250 3492 mercaturae
264 3441 313 3488 aut
326 3429 382 3490 alia
394 3428 479 3492 simili
493 3430 529 3486 de
540 3449 631 3498 carme,
642 3447 699 3492 ιιοιι
709 3441 840 3490 censetur
849 3430 953 3490 adesse

23 3509 169 3570 necessitas
184 3511 227 3569 vel
241 3511 381 3568 sufficiens
406 3529 506 3576 causat
526 3513 600 3568 unde
624 3530 681 3568 non
705 3510 816 3573 ridetur
840 3510 950 3578 licitum

23 3591 200 3686 cauponibus,
216 3593 306 3652 multo
322 3591 413 3648 minus
427 3591 498 3662 aliis,
512 3592 562 3654 tali
575 3611 715 3669 apponere
734 3611 831 3650 carnes
851 3592 951 3652 diebus

21 3673 131 3740 vetitis3
143 3675 193 3731 sed
203 3672 281 3750 juste
295 3673 427 3732 haeretico
436 3673 604 3761 respondere
616 3685 742 3749 possunt,
753 3693 783 3731 se
796 3653 951 3731 seeundiinr

20 3753 94 3828 leges
112 3717 247 3830 Ecclesiae
262 3769 291 3814 et
306 3774 396 3814 mores
410 3755 508 3832 patriae
521 3749 575 3812 bic
596 3753 642 3812 die
656 3774 713 3812 nou
735 3773 843 3832 parare
855 3773 950 3813 camos

20 3835 165 3976 stafforde
177 3913 313 3994 Leuibus.
530 3934 578 3975 cc
