2224 4050
367 77 409 120 nu
430 75 638 122 vruuurraus.
930 59 971 116 37

35 217 139 299 quim
130 239 161 278 m
172 220 265 280 varias
277 221 354 280 orbis
366 234 460 299 partes
469 222 506 282 ad
516 220 725 302 predicandum
735 218 971 299 dispergerentur,

33 315 76 362 est
88 303 292 380 compositum.

73 383 139 461 obj.
154 385 258 444 Patres
282 383 368 442 trium
381 384 535 464 primorum
555 383 722 443 seculorum
742 401 886 459 nunquam
900 381 973 442 illud

35 465 204 544 Symbolum
215 465 372 542 allegaumt
383 479 480 526 contra
493 477 661 543 exurgentes
671 465 809 525 hareses:
824 483 892 542 ergo
903 475 972 523 tunc

34 548 156 642 necdum
171 558 234 606 erat
247 561 346 606 uotum
358 571 366 618 ς
379 548 506 626 adeoque
519 567 577 606 non
590 557 634 607 est
647 549 682 606 ab
697 545 845 626 Apostolis
859 564 974 626 compo·

34 642 128 686 fllium.

73 710 113 768 R.
138 709 189 769 1⁰.
204 709 344 788 Negando
357 721 448 769 anuo.
461 709 537 769 Nam
553 709 583 770 S.
596 709 730 780 Imauus,
745 707 794 786 qui
807 710 974 788 magistrum

33 789 132 850 habuit
146 791 338 870 Polycarpum
354 791 568 870 discipulnmS.
582 792 708 861 Joannis,
722 791 772 850 lib.
798 793 825 852 l.
837 791 971 850 adversius

33 869 157 932 haereses
173 893 236 951 cap.
252 875 299 932 10.
320 873 467 934 manifeste
481 874 552 932 illud
565 874 665 943 adfert,
680 873 818 932 dioensr‘
821 871 974 932 ‘Ecclesia

34 959 117 1068 :per
130 955 296 1014 universum
318 957 418 1036 orbern
440 955 566 1050 dispersu
589 955 675 1014 fidem
688 974 750 1014 eam
774 955 810 1014 ab
826 953 974 1033 Apostolis

34 1039 226 1113 “eorumque
248 1037 394 1131 discipulis
406 1027 526 1116 accepit,
549 1056 612 1113 quae
626 1041 709 1096 est“
717 1037 748 1094 in
766 1057 855 1096 unum
877 1035 975 1094 Deum
1002 1101 1011 1118 ·

33 1116 186 1176 “Patrem
205 1117 440 1196 omnipotentem.
440 1117 557 1178 ”Idam
580 1117 772 1178 Tertullianus
795 1117 880 1178 variis
903 1115 974 1174 loeis

34 1197 150 1258 indicat.
194 1199 269 1258 Vide
283 1200 364 1277 plura
377 1199 538 1258 testimonia
550 1200 626 1278 apud
640 1199 762 1259 Billuart
775 1209 805 1260 et
818 1199 897 1258 alios.

72 1280 112 1338 R.
133 1282 187 1338 2⁰
207 1281 286 1342 Dato
306 1281 499 1352 antecedente,
513 1291 631 1358 negatur
654 1281 871 1357 consequentiaJ
891 1281 973 1357 cujus

33 1361 104 1420 ratio
128 1373 185 1432 est,
210 1363 287 1439 qubd
301 1363 401 1422 Patres
422 1362 577 1440 primorum
600 1362 769 1421 saeculornm
790 1361 974 1438 allegaverint
1021 1367 1024 1378 “

33 1442 169 1502 raritates
182 1443 214 1502 in
230 1444 365 1520 Symbola
379 1456 524 1504 contentas
538 1455 670 1520 tauquam
691 1444 726 1502 ab
741 1442 889 1521 Apostolis
908 1461 974 1519 pru·

33 1525 121 1584 leons
136 1545 206 1584 cum
220 1525 282 1583 aliis
305 1525 479 1594 veritatibus,
504 1545 568 1602 quae
582 1545 618 1584 ex
642 1525 791 1588 traditione
806 1523 975 1602 Apostolica

33 1619 130 1664 eontra
144 1604 296 1664 haereticos
309 1606 521 1683 allegabantur:
535 1627 588 1666 nec
602 1607 699 1665 debuit
712 1617 861 1684 propterea
874 1617 973 1664 contra

33 1687 198 1746 eesadduci
209 1686 363 1768 authoritas
373 1688 449 1746 illius
459 1687 674 1766 Symboli;quia
683 1686 804 1748 hennon
814 1685 972 1766 plusqnsim

33 1781 146 1826 caterae
160 1769 329 1828 traditiones
345 1769 520 1847 Apostolicoe
534 1790 582 1828 eos
597 1769 779 1836 confudisset.

72 1850 192 1908 Deinde
216 1849 271 1910 boc
292 1851 455 1920 notandum,
477 1851 554 1928 qubd
578 1850 677 1929 primis
701 1849 840 1914 Ecclesia
861 1849 973 1912 seculis

33 1929 205 2008 Symbolum
221 1931 307 2000 istud,
322 1931 395 1991 sieut
414 1933 469 1992 alia
481 1933 548 1992 fidei
561 1931 695 2010 mysteria
716 1932 914 2000 occultaretur,
937 1950 974 1988 ne

32 2011 79 2070 illo
89 2013 122 2070 in
132 2013 262 2071 derisum
273 2026 303 2072 et
314 2014 484 2092 vituperium
494 2013 631 2080 Ecclesia
639 2013 766 2074 infideles
776 2014 974 2080 abuterentur:

33 2095 70 2152 ita
81 2105 116 2156 ut
131 2093 151 2154 a
164 2095 298 2153 fidelibus
312 2095 563 2166 conscriberetur,
588 2095 638 2154 sed
653 2095 746 2155 soldni
760 2093 894 2153 memorii
907 2093 974 2152 reti·

32 2187 163 2237 seretur:
177 2175 239 2244 imb
252 2197 288 2235 ne
303 2177 416 2253 quidem
430 2175 673 2246 iCatecbumenis
685 2176 830 2238 memoriae
838 2173 973 2254 juvandae

33 2255 115 2314 causi
142 2258 270 2328 describi
293 2258 518 2336 permittebatur.
562 2257 610 2319 Sic
634 2257 708 2316 clere
731 2258 815 2322 docet
844 2257 874 2319 S.
896 2258 975 2334 Aug.

34 2337 170 2401 Sermone
186 2341 259 2400 212.
284 2346 302 2375 “
313 2341 349 2406 de
360 2339 523 2400 Traditione
535 2338 678 2417 symboli’
693 2338 736 2397 his
747 2337 856 2398 verbis:
881 2339 899 2371 “
910 2337 972 2396 Nec
988 2405 994 2416 ²
1034 2333 1039 2342 ’

33 2424 51 2452 “
63 2433 95 2478 ιιι
109 2420 216 2482 eudem
229 2423 315 2482 rerba
330 2421 457 2498 Symboli
470 2421 590 2480 teneatis
599 2420 678 2479 nullo
689 2421 773 2478 modo
784 2417 893 2478 debetis
904 2419 972 2479 seri·

34 2502 141 2572 “bere,
171 2503 226 2562 sed
254 2502 394 2574 audiendo
417 2502 596 2580 perdiscere;
626 2521 688 2572 nec,
716 2502 780 2562 edm
809 2500 972 2569 didiceritis,

34 2587 50 2615 “
62 2583 201 2654 seribere,
223 2586 278 2642 sed
292 2583 427 2644 memoria
440 2603 551 2662 semper
563 2595 660 2642 tenere
674 2594 704 2642 et
716 2581 867 2646 recolere.”

68 2663 185 2726 Mirum
196 2685 264 2742 ergo
272 2685 329 2724 non
339 2677 392 2736 est
403 2665 475 2728 illud
485 2664 652 2743 Symbolum
659 2665 689 2722 in
697 2664 808 2744 scriptis
818 2663 972 2742 primorum

34 2744 149 2804 Petrum
174 2749 309 2824 expresse
332 2767 390 2806 nou
413 2747 540 2812 inveniri.
581 2745 656 2806 Vide
671 2747 756 2808 Card.
771 2746 852 2810 Bona
876 2764 972 2804 rerum

33 2825 265 2904 Lithurgicarum
279 2829 329 2886 lib.
344 2830 372 2887 2.
386 2848 448 2906 cap.
463 2830 491 2886 8.
505 2847 583 2886 num.
601 2829 627 2886 1.
911 2841 915 2864 f

72 2907 168 2968 Simul
196 2909 322 2979 observa,
337 2909 503 2988 Symbolum
526 2908 581 2968 hoc
604 2908 677 2968 inter
692 2909 849 2987 Scripturas
871 2905 970 2968 Sdcras

34 3008 84 3046 non
98 2991 266 3058 numeram
286 2991 352 3068 quia
365 2991 433 3049 licet
458 2990 609 3069 SpirituS.
627 2990 779 3070 inspirante
802 3001 972 3066 conceptum

33 3071 66 3134 sit
74 3083 105 3130 et
116 3073 327 3150 compositum
340 3085 434 3132 tamen
444 3093 501 3131 non
511 3084 555 3131 est
565 3093 583 3133 a
568 3071 702 3150 Spiritu
712 3072 814 3132 Sancto
824 3070 969 3139 dictatum,

34 3163 61 3210 ut
73 3153 259 3224 scriberetur,
284 3155 334 3212 sed
348 3167 380 3214 ut
393 3155 459 3215 vird
478 3174 548 3214 voce
568 3155 740 3214 traderetur:
765 3153 840 3216 uude
854 3152 970 3210 verbum

34 3231 86 3292 Dei
101 3235 244 3294 auditum
258 3235 369 3300 dicitur.

70 3305 164 3374 Estne
174 3317 320 3392 obligatio,
325 3329 357 3376 ut
365 3318 463 3376 fideles
473 3317 735 3395 seiantSymbolum
747 3315 967 3394 Apostolorum?

68 3397 127 3456 111.
150 3397 191 3456 R.
206 3398 402 3458 Affirmatire:
422 3400 488 3476 quia
506 3397 570 3478 jure
585 3398 680 3458 divino
698 3399 832 3460 debemus
855 3397 968 3462 credere

35 3477 211 3556 Evangelim
232 3481 283 3538 sed
299 3479 464 3558 Symbolum
478 3481 604 3540 continet
616 3479 748 3558 primaria
762 3478 926 3573 Evangelii
923 3497 968 3538 ca

34 3561 108 3634 pita:
123 3561 325 3638 ergoquilibet
335 3562 406 3622 illud
416 3563 530 3628 credere
544 3562 637 3632 debet,
651 3561 778 3637 adeoque
789 3561 871 3618 etiam
887 3560 967 3620 scire.

8 3643 191 3716 Ωιιιιιι
203 3655 248 3712 est
261 3643 394 3720 obligatio
408 3644 515 3704 sciendi
530 3643 695 3722 Symbolum
711 3641 934 3720 Apostolorum?

71 3724 126 3782 1v.
151 3724 192 3783 R.
206 3723 317 3782 eumS.
332 3725 434 3785 Carolo
449 3727 577 3784 Borrom.
597 3737 724 3783 actorum
739 3722 876 3792 Ecclesia
901 3721 952 3779 Me

9 3813 11 3906 y
38 3805 207 3876 diolsnensis
221 3807 355 3884 parus:
399 3805 600 3868 “Christianus
614 3805 713 3877 omnis,
735 3803 759 3864 si
781 3802 892 3864 adultus
915 3813 953 3861 est

76 3887 230 3951 Procede
249 3886 418 3951 Virtutibus.
500 3907 520 3950 u
