2226 4064
360 145 404 196 ur
424 143 570 188 troicus.
875 129 940 186 259
982 194 991 200 ⁵

20 293 92 362 Quid
105 291 128 350 si
141 287 286 348 occasione
300 285 462 367 hujusmodi
476 286 695 358 constitutionis,
708 288 820 364 quidam
835 289 939 350 reduc·

22 377 73 435 rarii
96 385 124 432 et
150 371 343 429 inobedientes
370 391 468 448 pacem
497 372 608 429 turbare
637 371 796 439 moliantur,
825 371 939 448 Region

23 456 130 516 officinm
144 465 196 523 est,
211 452 328 510 rebelles
342 451 505 528 hujusmodi
520 458 650 510 coercere
664 465 693 510 ct
710 472 898 529 compescere.
923 510 927 518 ,
959 511 962 518 ,

55 535 112 612 obj.
138 534 192 592 lv.
220 533 278 599 Qui
305 535 444 592 sustinent
477 533 674 592 necessitatem
696 535 804 610 placiti,
826 534 940 594 tantdm

22 619 112 686 volunt,
126 615 340 674 constitutiones
365 615 538 691 dogmaticas
563 615 688 690 indigere
710 613 823 692 placito,
848 616 938 688 prius·

20 719 89 778 quarn
104 698 131 754 in
145 699 262 756 modum
274 716 357 754 novae
371 697 442 774 legis
456 697 678 775 promulgentur,
698 711 747 754 aut
761 697 882 775 populns
904 697 941 753 iis

22 781 200 856 adstringatur.

53 863 85 920 R.
99 859 229 936 Objectio
243 859 344 918 falsum
358 859 511 936 supponit:
531 859 636 917 etenim
651 857 743 916 Brdlae
770 861 938 936 deginatirae

22 964 66 1002 uon
78 955 268 1020 proponuntur
282 962 332 1018 per
347 942 460 998 modum
475 961 555 998 novae
570 940 649 1018 legis,
661 961 711 998 seu
724 955 757 997 ut
766 941 815 1018 jus
826 957 938 1008 norum,

22 1027 60 1084 sed
73 1037 202 1098 tanquam
217 1025 392 1082 continentes
407 1036 436 1080 et
450 1022 623 1080 declarantes
631 1021 679 1098 jus
704 1023 858 1097 antiquum.

53 1107 132 1164 Plura
145 1105 182 1162 de
196 1103 239 1162 his
254 1103 317 1162 vide
332 1105 406 1180 apud
421 1103 567 1180 Zypaeum,
584 1095 717 1170 Govarts',
732 1105 766 1160 de
783 1105 870 1171 Luca,
886 1104 939 1162 uc.

53 1185 115 1245 vll.
136 1185 271 1244 Finalitcr
295 1188 420 1254 observa,
445 1185 606 1262 Philippum
631 1185 683 1242 IV.
704 1186 732 1242 in
757 1205 833 1262 saepe
858 1186 940 1242 dictis

23 1269 95 1328 literis
121 1267 196 1326 inter
222 1287 264 1336 ea,
290 1287 353 1343 quae
376 1267 513 1344 placitum
537 1287 593 1324 non
619 1267 772 1342 requirunt,
795 1286 939 1325 recensere

23 1347 223 1428 prohibitionem
238 1349 369 1406 librorum
384 1361 417 1406 ut
430 1349 497 1406 fidei
517 1349 560 1405 vel
576 1347 699 1406 moribus
721 1349 938 1406 contrariorum:

25 1431 123 1510 proinde
136 1426 290 1508 prohibitio
313 1429 377 1487 libri
399 1429 545 1493 Quesnelli
570 1443 599 1488 et
621 1431 816 1486 condemnatio
839 1449 940 1506 propo·

24 1514 140 1570 titionum
155 1510 217 1588 ejus
227 1511 332 1588 obligat
346 1513 375 1569 in
384 1511 493 1586 Belgio,
505 1511 630 1587 quamvis
641 1531 696 1573 non
707 1511 744 1568 sit
759 1519 776 1544 “
785 1511 940 1588 placitata.”

26 1594 88 1652 Hinc
101 1593 188 1652 ctiam
202 1593 325 1652 timorati
339 1592 425 1652 libros
435 1593 536 1650 Rornae
545 1591 701 1670 prohibitos
712 1594 816 1668 absque
827 1593 942 1652 licentia

24 1677 102 1752 legere
115 1694 174 1732 uon
194 1686 377 1751 praesumunt.
628 1729 630 1744 ,

55 1757 99 1813 An
112 1756 181 1814 verb
205 1753 458 1813 excommunicatio
481 1754 570 1814 aliave
595 1773 713 1814 censure
734 1775 850 1826 annexa,
874 1775 901 1812 v.
915 1774 943 1832 g,

25 1835 192 1916 prohibitioni
206 1835 323 1914 alicujus
337 1835 410 1906 libri,
424 1833 580 1894 incurratur
593 1838 697 1913 absque
711 1838 816 1913 praevio
829 1836 943 1914 placito,

25 1919 102 1994 gravis
116 1930 160 1976 est
175 1918 371 1988 controversia,
382 1917 515 1992 inquiunt
530 1919 659 1996 Steyaert
674 1931 702 1976 et
713 1918 862 1976 Daelman.

57 1999 137 2071 Vlll,
154 1999 213 2064 Qui
233 2000 381 2068 affirmant,
406 1999 503 2056 dicunt
523 2020 574 2077 pro
592 2019 680 2076 poena
699 1999 865 2058 incur-reuda
885 2019 946 2058 mn·
1015 2023 1017 2031 ⁴

26 2081 115 2156 requiri
130 2081 207 2140 illius
230 2079 493 2158 promulgationem,
518 2082 568 2138 sed
591 2101 642 2158 pro
668 2082 791 2138 censuris
815 2080 947 2146 sufficere

27 2163 168 2232 edendam,
196 2181 247 2239 pro
275 2161 336 2221 aliis
371 2162 438 2220 verri
473 2162 562 2236 poenis
596 2163 744 2236 nequidem
779 2163 944 2240 generaliter

24 2243 161 2320 loquendo,
182 2243 328 2306 scientiam
352 2241 475 2318 requiri:
497 2244 539 2306 2⁰.
562 2243 664 2301 Dictas
688 2263 783 2320 peenas
808 2245 946 2302 contineri

25 2327 46 2382 in
61 2323 122 2402 jure
144 2325 260 2400 antiquo
281 2323 434 2402 publicato,
461 2323 570 2382 scilicet
596 2324 625 2382 in
652 2325 749 2400 regula
779 2327 816 2382 10
844 2325 947 2388 indicis

27 2407 133 2464 Concilii
149 2406 229 2464 Trid.
242 2405 353 2482 regulas
367 2417 461 2462 autern
475 2403 576 2462 indicis
590 2405 618 2462 in
629 2406 728 2482 Belgio
742 2420 868 2484 receptas
882 2427 945 2480 esse

26 2489 96 2545 docet
110 2487 242 2566 Steyaert
256 2488 284 2544 in
300 2487 435 2545 Tractatu
456 2491 474 2520 ‘⁸
484 2487 520 2544 de
535 2486 619 2544 Fide”
634 2487 705 2563 disp.
720 2489 769 2546 2⁴2.

57 2569 110 2632 Qui
134 2581 249 2645 negant,
263 2569 361 2626 dicunt
374 2567 482 2625 similes
496 2568 717 2636 constitutiones,
741 2569 809 2628 licet
832 2569 948 2628 aliunde

26 2651 119 2707 tarnim
135 2651 193 2708 sint
207 2650 418 2720 declarationes,
428 2650 566 2725 quatenirs
581 2660 674 2708 tamen
688 2664 815 2708 statuunt
825 2671 947 2728 prunam,

27 2733 132 2789 condere
142 2730 192 2808 jus
206 2751 319 2799 novum,
333 2750 489 2806 novamque
504 2731 636 2790 inducere
657 2732 863 2808 obligationem.

59 2813 101 2870 Ad
116 2813 233 2889 primam
249 2812 385 2872 rationem
398 2813 428 2870 in
449 2813 618 2870 contrarium
642 2816 820 2890 respondent,
842 2815 871 2872 in
895 2814 946 2871 illo

27 2912 80 2949 casu
91 2895 183 2970 legem
198 2905 367 2952 statuentem
382 2912 528 2952 censuram
548 2895 668 2971 supponi
690 2896 860 2956 sufficienter
881 2916 945 2973 pro-

27 2975 176 3051 mulgatam,
192 2976 267 3051 quod
281 2973 397 3036 hicnon
410 2975 542 3034 occurrit.
594 2990 597 3000 ¹

59 3057 104 3114 Ad
118 3057 271 3118 secundem
286 3057 361 3126 verb,
376 3056 486 3132 regidos
500 3056 602 3116 indicis
615 3077 671 3116 non
692 3070 748 3116 tarn
764 3059 839 3116 facto
852 3058 947 3136 probb

27 3137 80 3195 bers
93 3139 180 3196 libros
194 3139 247 3196 sub
261 3137 312 3196 tali
325 3157 415 3214 prena,
431 3136 514 3214 quiam
528 3140 638 3198 tradere
652 3143 775 3208 modum,
790 3140 944 3199 secunddrn

28 3239 97 3293 quem
111 3218 254 3296 prohiberi
268 3217 404 3277 debeantr
425 3221 512 3288 unde,
527 3221 602 3296 qubd
627 3235 735 3280 certum
759 3223 861 3280 librum
883 3242 948 3299 pru-

28 3299 108 3358 hibeet
122 3301 257 3359 Pontifex
270 3302 322 3358 sub
336 3320 419 3378 poeaa
439 3301 744 3372 excommunicationis,
766 3316 810 3362 est
834 3303 879 3362 lex
899 3302 950 3381 jus

27 3401 116 3440 norum
132 3383 256 3442 condens
270 3383 405 3458 quantum
419 3382 454 3440 ad
468 3402 588 3460 paenam.

60 3465 176 3524 Addunt
189 3463 299 3540 regulas
313 3463 413 3522 indicis
427 3463 457 3520 in
477 3465 577 3541 Belgio
591 3477 717 3542 receptas
742 3467 855 3542 quidem
876 3485 948 3536 esse,

28 3545 67 3601 sed
80 3565 134 3604 non
149 3545 329 3624 simpliciter:
351 3545 410 3606 int
422 3544 508 3622 aliqui
522 3566 578 3604 non
592 3547 648 3604 nisi
662 3551 690 3605 4.
704 3567 741 3606 su
766 3549 812 3606 10.
834 3547 881 3608 hic
904 3567 947 3610 re·

27 3639 109 3702 captas
123 3647 185 3686 esse
200 3627 306 3696 volunt,
317 3626 426 3686 scilicet
439 3628 600 3704 secundam,
613 3625 748 3704 quintam,
757 3629 905 3706 septimam
919 3641 949 3687 et

27 3722 152 3776 numnam,
186 3709 359 3786 probantque
394 3728 430 3768 ex
465 3709 591 3768 “Indice
604 3753 610 3764 ,
625 3710 837 3786 expurgatorio''
866 3709 951 3788 jussu-

28 3787 124 3867 Pbilipi
138 3789 179 3848 Π.
201 3790 403 3870 Hispaniarum
430 3789 518 3866 Regis
542 3790 626 3860 edito,
651 3790 680 3848 in
695 3811 751 3866 quo
765 3791 809 3850 hae
829 3803 949 3870 quatuor

25 3869 120 3946 regula
133 3871 225 3937 selbot
239 3882 434 3946 recensentem
447 3871 598 3951 pluresque
612 3872 674 3946 libri
686 3893 721 3934 ex
736 3873 811 3939 omni
823 3871 947 3944 scientia,
