2226 4064
148 63 208 133 232
245 49 253 76 '
518 79 710 124 reuertens

148 223 282 303 Superior
294 241 350 284 non
364 235 497 301 tanquam
506 223 643 304 'Superior
655 225 821 304 precipiens
829 225 873 286 vel
888 225 1016 305 puniens,
1031 225 1091 286 setl

147 319 278 384 tunquam
293 307 400 384 private
413 325 533 384 persona
545 308 689 368 subditum
705 319 811 365 mouet.

137 435 140 442 .
188 389 248 447 Per,
265 388 415 466 particulas
444 394 505 446 “ut
528 383 673 466 proximus
700 387 893 462 emendetur?
921 388 1093 467 designatur

147 469 211 529 finis
225 469 354 528 freternae
368 470 561 548 correptionis.

188 552 239 610 An
250 551 389 628 correptio
403 554 524 610 butema
537 565 580 610 est
594 551 622 608 in
637 551 805 629 prteceptoi

188 632 228 690 11.
243 632 280 690 R.
295 633 489 691 Affirmarive=
513 645 546 692 ut
561 633 649 710 liquet
663 653 699 692 ex
715 632 819 692 March.
841 651 903 709 cap.
922 633 968 690 18.
982 631 1022 690 V.
1038 633 1091 689 15.

147 717 165 748 “
178 713 207 772 Si
213 715 311 772 “autern
321 715 479 790 peccaverit
489 715 519 772 in
528 728 557 772 te
567 715 653 773 freter
665 727 740 784 tuus,
751 715 823 773 rede
831 727 861 773 ct
869 714 977 790 corripe
990 713 1089 772 eum.''

187 795 240 854 Est
254 795 339 853 etiam
354 797 389 853 de
406 793 471 872 jure
495 796 632 855 naturali:
653 796 719 872 quia
738 793 802 872 jure
824 807 933 854 nature
951 808 1091 854 tenentur

145 875 293 935 subvenire
307 877 436 954 proximo
446 877 627 956 corporaliter
635 877 782 954 indigenti,
795 877 886 936 muitb
895 877 983 954 igitur
993 877 1089 954 tnagis

145 957 490 1035 indigenti‘spirituuliter.

186 1039 332 1104 Quosnam
347 1041 452 1117 obligat
466 1039 520 1099 hoc
534 1039 731 1118 preceptum?

186 1121 224 1179 R.
239 1121 346 1180 Omnes
361 1120 495 1192 homines,
505 1123 554 1199 qui
567 1123 603 1180 ad
617 1142 679 1180 earn
692 1120 849 1180 faciendam
860 1120 1042 1191 suntidouei,
1057 1131 1089 1179 et

143 1221 204 1280 pre
215 1203 327 1261 ceteris
341 1203 507 1280 superiores,
521 1216 554 1261 ut
566 1205 709 1272 Parentes,
721 1203 862 1273 Primores,
873 1202 1019 1272 Preietos,
1029 1203 1088 1260 &c

144 1297 275 1361 respectu
285 1285 461 1342 subditorum
471 1309 479 1353 3
493 1286 522 1342 id
531 1285 606 1343 enirn
618 1285 705 1362 exigit
713 1284 933 1344 ordocberitutis
943 1297 972 1344 et
983 1303 1087 1342 eorum

144 1365 286 1424 officium:
308 1366 409 1424 deinde
423 1367 460 1426 ud
473 1386 535 1426 cnm
549 1367 706 1426 faciendam
719 1366 809 1444 magis
830 1367 889 1444 apti
903 1385 967 1425 esse
979 1366 1089 1424 solent.

141 1479 145 1486 ·
189 1449 236 1506 An
250 1447 335 1505 etiarn
351 1448 457 1524 obligat
471 1448 657 1525 peccatores?

185 1529 224 1586 R.
238 1529 436 1588 Affirmatiret
456 1549 507 1606 per
520 1541 669 1607 peccatum
682 1529 757 1587 enim
772 1526 789 1586 ia
801 1541 945 1606 precepto
958 1529 1086 1588 naturali

144 1621 174 1666 et
187 1609 282 1668 divino
296 1629 354 1668 non
366 1611 528 1669 liberantur.
551 1611 630 1668 Loca
641 1611 798 1687 scripturae
811 1611 904 1668 Sacrae
918 1629 981 1688 que
995 1629 1086 1688 eppe·

144 1703 207 1748 rent
221 1691 366 1760 contraria,
391 1704 478 1768 agunt
499 1693 535 1750 de
557 1692 753 1770 peccatoribus
776 1691 992 1770 corripientibus
1015 1711 1085 1751 cum

145 1773 278 1831 wandalo
290 1772 337 1832 vel
350 1793 387 1832 ex
401 1774 539 1850 superbia.

187 1854 373 1918 Quandonam
389 1855 664 1932 correptio-fraterna
677 1855 739 1913 fieri
752 1855 862 1914 debet?

143 1967 148 1974 ·
185 1935 240 1994 111.
271 1937 309 1994 R.
336 1937 458 2000 Quando
485 1935 603 1996 babetur
631 1935 719 2014 major
745 1936 947 2014 opportunitas,
974 1947 1004 1996 et
1031 1937 1106 2012 fini,

144 2017 328 2095 correptionis
341 2017 429 2094 magis
444 2019 583 2094 congruit.
606 2017 694 2086 Hinc,
705 2029 738 2076 ut
749 2019 878 2076 observat
890 2017 1012 2088 Nomen,
1023 2037 1084 2077 non

53 2137 56 2142 s
143 2099 261 2174 semper
269 2099 397 2158 facienda
410 2111 453 2157 est
467 2100 497 2157 in
510 2099 635 2167 instanti,
645 2100 695 2157 sed
706 2101 743 2157 ad
753 2112 865 2176 tempus
879 2099 970 2174 magis
976 2119 1084 2178 oppor-

143 2193 244 2238 tanum
258 2201 334 2258 serpe
348 2180 503 2240 differendo
514 2204 522 2249 ;
535 2193 565 2240 ct
578 2181 644 2239 ideo
657 2181 801 2257 proximus
815 2179 1009 2256 corripiendus
1021 2201 1082 2239 non

143 2273 187 2319 est
200 2271 336 2340 ternpore,
351 2283 408 2338 quo
421 2274 464 2320 est
475 2263 578 2330 ebrius,
592 2262 622 2318 in
635 2261 764 2340 passione
777 2262 836 2331 irae,
851 2262 904 2320 &a
917 2262 968 2318 ecd
977 2281 1083 2339 expec-

142 2343 260 2401 tandum
270 2345 360 2402 donec
373 2344 493 2402 ebrietas
504 2344 549 2402 vel
563 2343 817 2420 pnssiotransieritr
833 2343 912 2400 nullu
921 2343 997 2401 enim
1011 2358 1082 2403 tnnc

143 2444 205 2483 esse
219 2425 292 2483 solet
306 2445 369 2502 spes
384 2425 597 2484 emendationis.

183 2507 279 2564 Debet
306 2519 401 2565 tamen
425 2507 575 2583 aliquando
598 2506 694 2564 statim
720 2505 779 2564 fieri
802 2505 950 2583 correptio,
978 2505 1020 2563 ln.
1043 2507 1081 2564 ob

141 2587 297 2663 periculum
309 2587 463 2664 praesentis,
477 2601 527 2646 eut
540 2587 722 2646 continuandi
733 2587 859 2666 pepcati3
875 2589 923 2644 2⁰.
931 2586 967 2644 ed
976 2587 1081 2645 tollen-

142 2668 209 2724 dum
221 2670 382 2726 scandalum
393 2668 461 2728 aliie
472 2670 612 2738 nocivum,
625 2670 668 2726 to.
678 2669 714 2726 ad
725 2668 933 2727 defendendum
943 2667 1081 2726 honorem

141 2749 200 2808 Dei
225 2751 269 2808 vel
294 2751 396 2813 famam
422 2752 551 2828 proximi,
576 2751 605 2808 in
627 2749 783 2828 supposito,
808 2750 884 2826 qubd
910 2749 984 2810 adsit
1014 2769 1080 2828 spes

144 2831 262 2890 ftuc'tbs.

146 2943 150 2952 ·
184 2913 296 2978 Quibus
311 2914 402 2972 modis
416 2915 449 2971 fit
463 2911 603 2990 correptio
618 2911 689 2971 illu?

183 2991 236 3053 IV.
252 2995 289 3054 R.
305 2995 377 3054 Fieri
398 3007 491 3072 potest
506 2995 606 3063 verbis,
630 3015 656 3052 r.
670 3013 697 3070 g.
711 3012 762 3070 per
782 2991 980 3052 authoritatem
1002 3013 1081 3052 com-

142 3077 294 3154 pescendo,
308 3077 352 3135 vel
367 3077 488 3135 fraterne
502 3076 662 3134 monendo:
683 3076 716 3133 fit
729 3075 813 3134 etiarn
829 3075 920 3144 saetis,
941 3086 976 3132 ut
997 3076 1080 3134 vultu

143 3159 226 3227 tristi,
241 3178 397 3216 sermonem
418 3158 454 3216 ad
468 3157 523 3215 eliu
536 3157 709 3226 divertendo,
723 3169 772 3214 aut
786 3156 848 3215 aliis
863 3157 961 3228 modis,
977 3158 1079 3234 quibus

143 3241 287 3316 proximus
301 3242 398 3317 aperte
412 3239 456 3298 vel
471 3237 607 3315 implicite
622 3250 761 3296 monetur.

149 3341 153 3353 ²
184 3321 307 3384 Quinam
323 3320 567 3396 debent'oorripi?
595 3355 597 3362 ,

182 3401 219 3459 V.
234 3403 271 3460 R.
286 3403 404 3468 Omnes,
420 3401 469 3477 qui
482 3399 532 3458 tui
547 3399 723 3478 correptione
735 3399 871 3477 indigent,
883 3411 914 3459 et
927 3400 963 3459 de
977 3401 1077 3479 quibus

143 3482 252 3540 fructus
266 3497 402 3559 speratur.

185 3563 234 3620 An
248 3583 315 3640 ergo
328 3564 457 3622 subditus
471 3563 610 3640 corripere
630 3563 715 3620 debet
734 3561 885 3638 aliquundo
905 3563 1076 3641 superiorem

147 3645 252 3703 suum?
1072 3670 1075 3690 τ

185 3723 236 3781 vt.
252 3724 290 3781 R.
313 3723 510 3792 Affirmutirb3
530 3724 595 3800 quia
608 3737 637 3781 et
650 3723 699 3781 ille
713 3724 799 3782 frater
818 3723 878 3802 ejus
891 3737 959 3784 estc
980 3726 1074 3784 verbm

147 3804 174 3862 “i
187 3803 310 3864 maximi
322 3805 572 3886 circumspectione
587 3805 647 3864 fieri
661 3805 754 3878 debet,
775 3818 808 3866 ut
821 3825 923 3886 nempe
937 3801 1075 3887 correptio
