2188 4052
323 128 365 168 na
388 127 530 168 vana-urs
548 119 629 166 arar.
884 110 943 168 175

50 274 84 330 ln
97 293 155 349 qno
168 273 298 331 consistit
310 273 393 332 istius
416 272 526 332 timoris
548 271 695 342 servilitas,
721 289 803 351 qaam
827 272 897 331 dicit
913 273 943 332 S.

15 355 118 413 Tbom..
126 373 188 412 assa
202 355 304 412 malam
318 355 333 414 Ρ

50 437 86 495 R.
106 436 142 494 In
164 456 211 505 eo,
231 438 308 512 qubd
329 437 388 506 ille,
413 435 461 512 qni
482 435 524 494 sio
544 435 634 502 timet,
657 453 715 492 noa
737 435 827 511 magis
850 434 944 494 adbuc

11 521 105 576 timeat
130 518 275 586 offensam,
299 530 330 576 et
354 517 408 578 boo
427 537 515 576 sensu
538 516 670 592 negativo
692 537 775 593 praua
801 517 943 586 timeatur,

11 615 139 675 unquam
162 601 317 676 prinoipala
342 600 466 657 malama
487 599 589 656 deindo
614 599 689 673 qubd
712 599 797 656 timor
818 599 866 657 illa
885 619 944 658 non

12 684 146 738 referatur
158 683 195 739 ad
209 683 306 740 Deum
320 693 353 739 ut
366 682 449 740 finem
472 681 622 747 ultimum
642 699 698 756 quo
720 701 804 738 sensu
823 681 944 758 intelligi

11 776 100 840 potest
113 763 188 820 illud
204 763 233 821 S.
249 763 404 840 Augustini
420 761 575 833 Euchiridii
591 781 652 837 cap.
668 764 714 819 12.
735 762 824 826 “Qui
842 763 944 822 timore

13 853 28 880 “
38 865 130 921 poenae
145 845 253 920 aliquid
266 846 342 916 lacit,
356 845 409 903 etsi
425 846 528 902 bonum
543 843 679 919 sit,·quod
693 843 769 913 iacit,
783 858 945 904 nontamen

12 935 27 962 ‘¹
37 926 203 984 benefacit.”

47 1009 92 1065 Ex
107 1007 154 1066 bis
168 1008 263 1084 itaque
276 1020 364 1086 patet,
378 1007 521 1084 quomodo
531 1007 618 1064 timor
631 1005 679 1064 ille
694 1020 805 1066 maneat
829 1008 858 1066 in
880 1014 945 1070 sab-

12 1091 109 1150 stautia
123 1091 235 1148 bonus:
251 1091 316 1166 qnia
329 1091 391 1148 istoe
405 1089 578 1157 omissiones,
593 1108 643 1146 sau
664 1089 714 1148 ills
727 1090 864 1150 servilitas
889 1113 946 1152 noa

5 1185 49 1230 ‘ast
62 1173 99 1229 de
114 1172 346 1230 substantiatalis
356 1172 473 1240 timoris,
485 1170 632 1228 attentum
644 1171 731 1228 afficit
741 1171 833 1247 ipsum
843 1175 946 1233 timan-

13 1269 72 1324 tem,
88 1273 149 1310 non
170 1255 310 1323 timorem,
334 1253 381 1311 cui
405 1253 562 1310 oxminseoa
584 1264 638 1321 est,
662 1252 748 1309 simili
771 1257 865 1325 modo,
889 1277 948 1333 quo

5 1336 166 1392 informitas
180 1355 238 1392 non
252 1348 296 1393 est
310 1337 346 1393 da
360 1335 514 1392 substantia
527 1333 594 1391 fidei
619 1334 753 1403 informis,
778 1338 827 1393 sed
849 1339 875 1396 ei
897 1361 947 1399 ex-

14 1433 138 1474 musaea.

48 1499 87 1555 II.
103 1499 236 1556 Observa
245 1509 347 1567 umen,
363 1517 424 1555 esse
437 1496 568 1554 timorem
581 1498 730 1572 quemdam
744 1502 883 1572 servilem,
898 1506 947 1580 qui

15 1581 194 1638 servilitatam
208 1580 296 1656 ipsam
312 1579 441 1647 includit,
462 1579 522 1636 sivo
536 1579 573 1635 ad
588 1578 667 1656 cujus
681 1583 864 1642 substantiam
886 1586 949 1664 ipsa

17 1661 148 1732 servilitas
162 1663 307 1737 pertinet:
328 1673 358 1718 at
371 1659 417 1717 hic
430 1661 465 1718 ab
479 1659 619 1734 aliquibus
632 1675 748 1720 vocatur
763 1667 849 1723 timor
862 1668 950 1726 sarvi-

17 1745 71 1800 litar
84 1743 209 1812 servilis,
225 1742 267 1800 vel
282 1743 402 1819 positive
414 1741 532 1810 servilis,
541 1742 587 1799 rel
597 1743 685 1800 etiam
698 1747 807 1804 servilis
820 1769 855 1806 ex
869 1762 948 1827 parte

5 1847 6 1854 ¹
18 1825 113 1901 objecti
125 1837 155 1882 et
166 1825 298 1902 subjecti,
310 1825 418 1882 scilicet
428 1824 496 1880 dum
506 1843 588 1899 patna
598 1843 678 1899 aeque
690 1840 738 1884 aut
748 1830 811 1905 plus
823 1831 948 1901 timetur,

5 1906 90 1984 lquirn
100 1905 202 1984 justus
215 1907 298 1963 timet
310 1918 360 1964 aut
372 1906 472 1963 timere
487 1905 572 1961 debet
585 1905 718 1964 offensam
733 1911 801 1979 Dei,
821 1913 866 1970 vel
879 1913 947 1970 dum

5 2007 89 2065 :pona
115 2001 296 2065 eomparatur
321 2007 385 2046 oum
409 1986 523 2055 offensa,
548 1998 577 2044 at
601 1993 788 2065 comparativa
814 1993 879 2070 plus
899 2007 949 2052 aut

19 2073 88 2145 aqua
103 2071 226 2128 timetur
239 2089 329 2146 prena,
344 2069 427 2144 quiam
442 2068 567 2125 offensa:
581 2070 646 2126 talis
659 2071 745 2130 timor
763 2075 950 2136 essentialitas·

6 2153 99 2209 anulus
114 2163 161 2209 est
174 2171 182 2209 r
197 2151 262 2227 quia
276 2151 338 2208 finis
352 2150 468 2207 ultimus
486 2150 667 2208 constituitur
688 2153 717 2209 in
742 2168 876 2226 ereatura,
897 2177 949 2235 pro

6 2251 64 2309 ¹quo
77 2235 146 2291 vide
163 2234 252 2291 Num.
266 2234 294 2288 5.
319 2233 382 2288 “da
397 2231 518 2288 Actibus
539 2231 704 2291 Humanis.”
725 2301 727 2309 Ι

6 2343 8 2356 ν
51 2315 193 2374 Similiter
207 2315 309 2372 dicitur
322 2313 385 2390 quis
398 2314 527 2370 timorem
541 2314 680 2374 serviliter
693 2318 821 2376 servilem
835 2317 948 2390 babere,

20 2400 76 2454 dnm
90 2398 136 2455 ita
148 2397 234 2454 timet
247 2415 366 2473 poenam,
380 2406 412 2452 nt
426 2395 572 2452 actualiter
589 2395 634 2453 vel
659 2398 815 2456 virtualiter
835 2414 948 2477 paratus

6 2479 48 2536 ¹ait
60 2497 192 2556 peccare,
206 2479 231 2534 si
244 2497 329 2554 poena
342 2495 398 2534 non
412 2487 503 2534 assata
524 2489 554 2534 et
567 2477 613 2536 hio
627 2479 711 2536 timor
724 2482 838 2558 reperiri
854 2495 950 2559 potest

7 2562 41 2616 tin
53 2559 319 2628 consuetudinariis,
333 2559 363 2615 in
384 2557 530 2616 occasions
552 2560 680 2636 proxima
704 2565 873 2634 constitutis,
897 2567 949 2623 doc.

21 2643 48 2698 da
61 2641 117 2700 hoc
129 2643 236 2716 timore
250 2640 447 2716 intelligendus
461 2651 505 2698 est
520 2639 550 2698 S.
566 2644 642 2718 Aug.
667 2661 794 2703 sermone
815 2649 863 2704 15.
883 2650 904 2682 ‘⁸
914 2648 950 2705 da

21 2723 138 2781 “verbis
154 2722 305 2799 Apostoli”
320 2723 436 2779 dicans:
457 2722 545 2786 “Qui
566 2723 667 2782 timore
690 2745 781 2804 paene
804 2749 861 2786 non
883 2749 949 2788 oon·

7 2835 8 2848 1
22 2813 34 2838 “
43 2805 177 2880 cupiscit,
192 2815 262 2881 puto
275 2804 341 2880 quia
354 2803 552 2880 concupiscit.”

54 2886 184 2963 Objioies
198 2898 295 2943 contra
308 2895 372 2942 ante
386 2886 481 2943 diota:
504 2885 647 2944 Servilitas
670 2899 717 2946 eet·
738 2891 773 2947 da
797 2891 951 2952 substantia

8 2981 10 3010 ¹
21 2971 122 3026 timoris
135 2969 210 3046 pure
224 2967 340 3037 servilis,
355 2967 418 3024 aium
432 2968 518 3024 timor
530 2967 579 3025 illa
593 2979 625 3026 ut
640 2970 704 3028 talis
717 2989 773 3027 non
786 2973 875 3048 possit
888 2993 951 3032 assa

8 3053 72 3108 sine
98 3051 149 3108 illa
173 3049 342 3107 servilitate:
363 3067 431 3124 ergo
451 3049 536 3107 timor
558 3051 666 3108 servilis
686 3053 777 3110 malus
800 3065 845 3111 est
864 3055 950 3112 stiam

8 3147 10 3178 t
25 3133 175 3191 secundirm
189 3151 268 3189 suam
282 3131 473 3188 substantiam.

8 3223 13 3270 l
57 3214 93 3270 R.
114 3214 191 3289 Nag.
207 3213 391 3271 antecedens:
413 3212 479 3288 quia
491 3212 577 3270 timor
598 3213 647 3271 ille
669 3215 865 3273 tantammodo
885 3235 952 3274 con·

27 3295 294 3354 ootatservilitatem
308 3306 440 3369 tanquam
461 3313 625 3364 connexam,
649 3308 733 3372 prout
752 3297 952 3356 inlormitatem

8 3405 10 3414 ·
29 3397 68 3433 aaa
80 3376 237 3434 absentiam
253 3375 394 3434 charitatis
408 3387 540 3434 connotat
554 3377 623 3434 fides
637 3377 771 3434 informis.

9 3481 10 3500 ι
60 3458 174 3516 Deinde
188 3457 274 3515 etiam
287 3456 424 3514 servilitas
438 3469 532 3534 potest
545 3459 642 3516 abessa
662 3459 697 3516 ab
721 3459 771 3517 illo
790 3460 900 3531 timore,
921 3472 955 3518 ut

30 3551 94 3614 patet
107 3540 137 3596 in
152 3538 274 3598 habente
290 3538 464 3596 charitatem.

62 3620 123 3697 Obj.
150 3620 191 3677 11.
213 3621 407 3679 inordinatum
434 3631 486 3688 est,
514 3621 607 3678 minas
631 3622 736 3680 malurn
763 3621 828 3700 plns
854 3624 955 3682 timere

32 3701 101 3773 onim
115 3701 210 3778 majus
222 3725 229 3769 ;
243 3703 320 3778 atqui
333 3702 418 3760 timor
431 3701 538 3760 servilis
552 3703 616 3780 plns
632 3704 715 3764 timet
736 3725 846 3784 poenam
870 3703 953 3781 quiam

35 3783 128 3861 culpam
144 3805 152 3842 ι
175 3802 243 3860 argo
257 3795 300 3842 est
314 3783 495 3842 inordinatus.
