2228 4076
260 77 303 120 ιι
324 75 468 120 ιιιιιιιι
488 75 702 120 οιιιιιιιιι.
886 63 946 122 203

46 222 144 284 11.R.
168 222 224 282 Est
236 222 348 282 bonitus
361 221 442 282 Dei
433 242 463 282 ιιι
476 242 517 294 se,
530 221 590 282 sive
604 221 695 294 Deus,
708 231 742 282 ut
754 220 784 281 in
798 243 829 282 se
841 222 951 285 infinite

18 325 93 364 nonos
108 318 140 364 et
153 306 318 384 perfectus;
337 304 465 380 ededqne
479 316 523 364 est
536 305 715 381 complexum
736 305 864 364 omniurn
884 327 949 384 ριι-

18 387 161 447 ¹'ectionum
172 387 349 483 possibilium
358 397 388 444 ot
396 381 577 456 infinitorum,
586 405 637 444 seu
647 386 740 462 ipsum
751 407 813 445 esse
824 387 948 448 divinum

18 469 145 538 rbsolute,
160 481 191 528 et
204 469 235 526 in
249 467 327 528 omni
340 487 442 544 genere
466 468 576 527 infinite
599 469 767 546 perlectum,
788 488 845 545 qno
867 470 950 530 Deus

18 552 138 610 edditnr
149 552 262 608 summe
275 549 412 608 emebilis.

42 633 128 692 Hinc
140 643 222 710 petet
236 631 396 690 differentia
404 630 519 701 umoris,
533 629 595 708 spei
609 641 638 689 et
652 627 805 690 charitatis.

43 713 115 794 Obj.
138 714 164 772 1.
179 713 261 772 Deus
275 712 436 790 diligendus
450 723 503 780 est,
516 731 574 770 non
588 713 697 770 tentdrn
711 733 769 788 que
754 712 882 784 bonus,
897 716 947 773 sed

18 795 87 854 tium
114 794 174 872 que
201 794 324 872 sepiens,
342 793 451 870 justos,
476 793 644 864 misericors,
668 798 720 852 dre.
749 815 816 872 ergo
840 755 949 856 boiritss

18 877 58 938 >si
70 897 135 936 non
150 889 195 935 est
207 878 387 952 adaequatum
402 876 540 935 motivum
554 875 671 934 formale
686 873 837 936 charitatis.

41 959 79 1018 R.
105 958 248 1036 Negendo
263 977 376 1034 conseq.
389 958 461 1016 retio
474 969 552 1036 petet
571 977 607 1016 ex
628 957 732 1026 dictis;
751 979 815 1016 nem
839 959 949 1020 bonitus

18 1037 67 1111 lei,
94 1061 164 1116 quse
190 1051 234 1099 est
258 1039 400 1116 objectum
425 1040 543 1098 formale
571 1038 722 1110 charitatis,
750 1041 950 1117 complectitur

18 1123 183 1200 spientim,
193 1121 342 1199 justitiam,
357 1133 386 1179 et
400 1135 503 1180 cetera
517 1121 575 1180 Dei
599 1121 742 1192 attribute,
767 1141 830 1198 qooe
855 1123 950 1182 omnia

18 1205 180 1264 unveniunt
194 1205 223 1261 in
236 1203 344 1262 ratione
358 1203 425 1260 boni
437 1203 564 1262 emebilis
578 1215 693 1280 propter
706 1223 745 1262 se.
958 1209 960 1218 ’

42 1285 113 1364 Obj.
128 1287 170 1344 11.
185 1285 280 1346 Etiam
294 1296 410 1362 propter
424 1285 559 1344 beneficia
579 1296 695 1362 eccepto
709 1284 805 1343 Deum
830 1285 948 1363 diligere

18 1365 162 1426 lebemus:
184 1387 260 1443 ergo,
276 1367 328 1426 &u

41 1450 80 1508 R.
104 1449 248 1525 Negcndo
262 1467 339 1506 cons.
353 1447 438 1506 unice
451 1445 526 1506 enim
541 1457 584 1506 est
597 1446 670 1506 ratio
684 1447 808 1506 formalis
823 1460 852 1506 et
872 1449 949 1526 prin·

18 1529 103 1608 ipelis
130 1528 268 1607 diligendi
291 1530 389 1588 Deum
419 1548 514 1588 amore
542 1526 694 1599 charitatis,
722 1549 825 1608 nempe
853 1531 948 1590 divine

18 1613 135 1672 unitesr
157 1623 377 1672 ceurennum
391 1611 522 1679 rationes,
537 1610 577 1668 eit
602 1609 632 1670 S.
647 1611 749 1670 Thom.
774 1633 801 1688 q.
827 1614 876 1672 23.
896 1627 949 1671 ert.

18 1695 30 1764 ἰ
55 1696 94 1753 ed
122 1697 151 1752 2.
177 1694 343 1752 inducentes
364 1693 401 1751 ed
422 1692 596 1768 diligendum
621 1693 727 1763 Deum,
746 1705 814 1752 sunt
837 1707 948 1753 tentum

18 1776 186 1836 ecnnderire
197 1787 227 1834 et
242 1786 445 1850 consequentes
460 1793 495 1832 ex
509 1773 649 1850 primorie,
661 1787 691 1834 et
704 1775 769 1833 ideo
779 1775 949 1834 insufficien-

18 1877 44 1918 ιι
59 1860 98 1916 ed
114 1871 213 1916 ectum
234 1855 396 1915 charitatis:
417 1875 502 1932 quere
516 1855 541 1912 si
566 1855 629 1931 quir
653 1856 723 1916 velit
745 1858 850 1915 bonum
871 1857 948 1926 Deo,

18 1941 120 2000 recise
134 1941 172 1997 ob
187 1937 324 1996 beneficis
338 1949 462 2015 eccepto,
478 1956 534 1994 non
549 1937 603 1995 en‘t
617 1957 699 1995 venus
723 1950 803 1996 ectus
828 1935 947 1998 charite·

18 2019 42 2092 is,
58 2023 113 2080 sed
128 2019 320 2098 gratitudinis.

18 2103 178 2180 Explica,
203 2101 346 2177 quomodo
374 2099 512 2158 motivum
544 2100 660 2160 formale
690 2099 832 2160 charitatis
859 2101 945 2160 inter·

18 2187 94 2244 eninr
109 2185 139 2241 in
155 2182 309 2241 dilectione
322 2182 452 2258 proximi,
467 2183 526 2240 sive
540 2184 683 2258 quomodo
707 2183 772 2242 ideo
796 2183 944 2261 diligamus

18 2267 176 2334 uoximnm,
191 2261 346 2340 quieDeus
359 2263 389 2320 in
403 2283 434 2322 se
448 2266 557 2320 summe
570 2265 661 2322 bonus
675 2265 741 2323 e'st?

39 2349 77 2406 R.
99 2347 228 2412 Quidam
242 2343 296 2404 hoc
320 2345 361 2404 ita
384 2345 543 2422 explicentz
564 2346 630 2421 quie
649 2347 739 2415 Deus,
762 2346 811 2422 qui
834 2346 943 2405 infinitis

18 2449 89 2488 unus
105 2441 162 2496 est,
176 2427 231 2486 hoc
244 2427 388 2484 mundavit
402 2439 432 2486 et
445 2427 523 2494 vult3
537 2427 581 2484 vel
596 2429 662 2502 quio
684 2425 738 2486 hoo
752 2428 818 2486 Deo
832 2441 943 2504 gratum

18 2523 51 2580 st,
65 2509 198 2586 velquia
210 2509 321 2566 bonitus
336 2508 394 2567 Dei
418 2508 448 2565 in
472 2508 601 2585 proximo
625 2509 751 2576 relucet3
771 2510 821 2567 sed
846 2528 943 2568 omnes

18 2611 43 2649 ιι
56 2591 267 2668 explicationes
280 2603 346 2648 sunt
359 2589 569 2660 insufficientes,
591 2610 656 2648 cum
672 2590 770 2648 inillis
791 2591 863 2650 ratio
887 2593 944 2651 for·

18 2675 78 2732 telis
93 2673 263 2744 immediate
275 2691 331 2729 non
346 2671 384 2730 sit
396 2672 506 2729 bonitas
521 2672 579 2730 Dei
592 2671 621 2730 in
636 2693 676 2730 se.

39 2757 98 2813 lll.
122 2755 225 2830 ltaque
238 2754 268 2811 id
283 2754 480 2830 exponendum
497 2753 608 2810 videtur
621 2753 676 2812 hoc
698 2755 804 2812 modos
824 2755 941 2832 diligere

18 2838 162 2894 roximnrn
178 2855 272 2894 amore
286 2833 429 2893 charitatis
443 2847 486 2892 est
501 2835 555 2911 ipsi
570 2835 643 2894 velle
658 2837 763 2894 bonum
777 2849 941 2914 supernatu-

18 2918 63 2987 sle,
80 2917 217 2985 maxime,
231 2929 264 2974 ut
277 2917 305 2973 in
320 2931 457 2974 aeternunr
478 2928 554 2974 umet
575 2929 605 2975 et
626 2917 723 2976 laudet
737 2917 850 2976 Deum:
871 2917 943 2976 ratio

18 3013 94 3058 ntem
110 2999 247 3064 formalis.
262 3017 347 3074 quare
363 2997 456 3066 velim,
468 3010 501 3055 ut
514 2999 662 3074 proximus
676 2999 705 3056 in
717 3011 852 3056 aeternnm
867 3011 943 3058 emet

18 3083 106 3150 lenm,
122 3093 178 3148 est,
193 3079 260 3156 quie
274 3080 355 3138 Dens
369 3077 399 3136 in
413 3099 444 3136 se
458 3081 567 3136 summe
581 3081 670 3137 bonus
685 3091 714 3138 et
727 3081 868 3174 perlectus
889 3093 941 3150 est,

18 3163 128 3239 deoque
144 3173 269 3220 meretur
282 3161 312 3218 in
326 3173 462 3218 [eternum
477 3161 612 3219 emunah
633 3161 771 3231 omnibus,
795 3162 842 3238 qui
865 3161 942 3220 illius

18 3244 137 3321 iligendi
151 3255 219 3301 sunt
233 3263 369 3320 capaces:
390 3262 426 3299 ex
440 3261 496 3318 quo
510 3254 597 3320 petet,
612 3243 689 3319 qudd
703 3243 770 3302 ideo
793 3243 941 3320 diligamns

18 3326 172 3394 mximum,
187 3324 254 3401 quia
261 3324 369 3384 Deus
362 3343 391 3380 ιιι
405 3343 436 3381 ιι
450 3325 559 3382 summe
573 3326 663 3383 bonus
677 3337 729 3382 est.

39 3408 154 3466 Eodem
169 3406 255 3464 modo
269 3405 433 3484 explicetur,
455 3406 596 3482 quomodo
618 3425 669 3464 nos
693 3405 770 3484 ipsos
791 3405 941 3484 diligemus

18 3501 114 3565 reptet
128 3490 238 3549 Deum.

39 3570 108 3649 Obj.
130 3569 214 3629 Nihil
240 3579 336 3648 potest
359 3567 445 3626 umeri
472 3571 509 3627 ob
536 3569 691 3627 bonitatem
715 3569 853 3628 alienum.
874 3592 941 3650 ergo

18 3653 146 3712 suximus
159 3672 218 3714 non
231 3663 327 3732 potest
340 3669 427 3710 ιιιιιι
417 3651 477 3710 ob
490 3650 644 3711 bonitatem
659 3651 737 3714 Dei
730 3653 784 3731 rpsi
804 3654 940 3714 extrinse-

18 3751 68 3796 ιιι.
