2248 4070
346 93 411 230 [ιιι
432 143 576 188 necteus.
876 123 939 188 oto

11 288 83 364 atqui
104 287 201 346 eadem
226 299 271 346 est
290 285 445 346 authoritas
469 299 498 348 et
515 283 676 385 jurisdictio
691 286 825 368 Episcopi
847 303 936 361 extra,

11 371 87 446 quim
109 371 182 427 iutra
206 369 372 445 Synodumr
364 391 460 446 .ergo
482 371 672 430 institutiones
695 386 775 430 extro
789 373 935 453 Synodont

11 455 94 520 lactet,
116 452 201 509 etiam
217 452 253 508 de
267 473 297 510 ae
312 465 940 530 mntperpcmae.1

48 533 169 590 Accedit
182 553 314 609 expressa
327 533 433 592 decisio
442 535 574 612 Gregorii
587 534 663 593 IX.'
655 554 683 591 ιιι
698 535 822 612 capitulo
834 535 937 594 ultimo

12 623 27 652 ‘¹
39 616 72 672 de
85 615 180 672 officio
194 613 320 691 Legati.”

47 695 128 753 Hanc
148 697 266 754 eandem
283 708 450 773 potestatem
466 697 604 756 condendi
623 709 729 756 statuta
742 699 777 756 de
791 719 822 756 ne
834 717 936 778 perpe·

10 791 53 836 tua
66 791 227 854 competere
243 778 375 852 Capitulo
390 779 492 837 “Sede
507 779 637 838 vacante*
652 780 735 837 docet
749 781 938 840 Reiffenstuel

12 861 68 916 “de
79 860 354 918 constitutionibue”
369 879 463 937 parag.
476 863 505 918 d.
525 861 612 918 Num.
626 863 675 919 70.

82 1020 122 1081 N.
137 1025 188 1082 56.
229 1023 286 1082 DE
306 1023 709 1083 INTERPRETATIONE
730 1023 863 1084 LEGIS.

15 1211 18 1216 ’
45 1183 149 1248 QUID
167 1199 210 1244 eet
224 1186 420 1263 interpretatio
432 1186 527 1263 legis?

46 1267 79 1323 ll.
101 1267 158 1325 Eat
168 1269 319 1344 explicatio
333 1269 479 1326 verborum
491 1267 561 1345 legia
576 1268 667 1343 quoad
681 1287 776 1326 eorum
792 1289 903 1328 sensum
918 1267 937 1328 a

12 1348 340 1424 Legislntoreintentnm.
411 1377 418 1386 ·

46 1430 94 1486 Est
108 1446 205 1490 antem
220 1431 412 1508 interpretatio
420 1431 537 1508 triplex.

45 1512 138 1570 Prima
150 1513 251 1570 dicitnr
265 1512 426 1571 authentica
439 1533 489 1570 eeu
503 1511 708 1581 authoritativa,
723 1533 785 1589 quae
799 1514 832 1572 fit
842 1514 886 1571 vel
900 1515 935 1572 ab

13 1594 63 1668 ipso
73 1593 249 1670 Legielatore
260 1595 306 1652 vel
320 1594 393 1652 ab'
369 1615 429 1672 eJus
443 1613 603 1652 successore
614 1609 662 1652 aut
676 1596 838 1672 rupenorer
851 1609 936 1672 etque

13 1673 63 1731 haec
76 1675 237 1733 eandem'
211 1697 267 1732 mm
283 1675 375 1744 hebet,
398 1696 431 1734 ac
444 1676 507 1753 ipsa
520 1676 611 1744 lex,
590 1693 614 1732 er
628 1677 722 1734 debite
736 1677 937 1754 promulgetur.

46 1756 148 1814 Altera
158 1758 383 1827 diciturueualis‚
398 1777 461 1835 quar
471 1751 649 1835 fitperurur'n
662 1771 691 1816 et
705 1759 935 1817 consuetudinem

12 1838 190 1930 populorumr
210 1859 277 1896 usus
292 1853 385 1898 entem
401 1852 430 1897 et
443 1840 639 1898 cousuetudo
631 1860 659 1896 ιιι
674 1840 887 1916 interpretandis
895 1841 936 1898 le

14 1917 81 1994 gibus
95 1920 249 1996 plurimum
261 1921 364 1990 valeat,
378 1922 454 1980 unde
468 1921 570 1979 dicitur
583 1921 647 1997 lege
658 1921 692 1978 Sr
704 1939 745 1978 un
760 1939 936 1980 ramanean-

15 2019 158 2070 ιιιιοιιιι,
180 2003 365 2079 Digestorum
388 2003 437 2061 lib.
459 2007 485 2061 1.
507 2003 595 2061 tit-8
619 2003 764 2080 “Optima
778 2003 872 2080 legum
892 2003 936 2062 in-

13 2085 28 2116 ⁴‘
39 2096 140 2160 terpres
155 2097 199 2142 eat
213 2083 412 2142 consuetudo?

10 2197 11 2204 ι
46 2164 172 2224 Tertia
164 2167 358 2243 rnterpretatio
374 2176 490 2223 vocatur
511 2165 681 2234 doctrinalis,
702 2184 765 2240 quae
778 2165 811 2223 fit
824 2163 842 2224 ὲ
856 2166 933 2226 Doc-

14 2245 117 2316 toribus,
139 2247 218 2304 vel
207 2268 225 2305 ιι
238 2249 332 2324 legum
347 2247 462 2324 peritis.
484 2245 546 2304 haec
559 2247 673 2323 quidem
689 2267 739 2323 per
753 2267 852 2305 senon
868 2249 937 2307 iecit

10 2345 113 2385 aeneum
124 2328 205 2406 legia,
220 2331 270 2387 sed
284 2343 387 2398 temen,
402 2341 434 2386 nt
444 2341 523 2386 notat
533 2329 672 2406 steyaert,
683 2330 839 2387 communia
850 2329 936 2387 inter·

14 2411 122 2484 pretatio
130 2411 288 2470 Doctorum
300 2411 328 2468 in
340 2411 448 2486 legibue
458 2409 597 2480 humanis,
606 2409 752 2487 :superiore
760 2431 817 2468 non
828 2425 937 2470 contre·

16 2485 128 2559 dicente·
138 2511 194 2549 non
206 2493 315 2550 tantrirn
326 2493 459 2550 indicium
472 2505 523 2562 eat,
539 2493 600 2568 quie
610 2493 647 2550 sit
660 2511 757 2548 sensus
768 2492 854 2568 legie3
875 2493 936 2560 sed,

16 2573 111 2629 etiamsi
126 2574 161 2630 ab
176 2573 255 2631 initio
265 2574 337 2631 aliua
351 2595 449 2632 sensus
460 2574 566 2641 fuisset,
583 2573 690 2632 censeri
701 2585 793 2649 potest
802 2573 861 2650 jam
872 2574 937 2632 tulis

17 2671 65 2710 esse
79 2675 185 2724 sensus,
207 2656 360 2731 praesertim
376 2656 400 2712 si
414 2655 512 2732 pupuli
526 2655 700 2713 consuetudo
711 2655 868 2713 accesserit.

49 2735 113 2793 Huc
127 2737 225 2794 relern'
239 2751 332 2814 potest
347 2737 539 2814 interpretatio
553 2737 626 2795 iactu
650 2755 700 2812 per
716 2733 853 2811 judicem,
874 2755 938 2811 qnae

17 2815 72 2873 lacit
79 2817 127 2892 jus
142 2818 170 2874 in
186 2837 253 2876 casu
266 2818 438 2894 particulari;
453 2819 534 2894 eique
548 2831 641 2895 partes
652 2817 793 2891 litigantes
808 2830 938 2880 tenemur

17 2897 129 2974 obsequi,
151 2900 205 2957 nisi
219 2902 253 2957 ad
264 2899 389 2976 judicem
405 2900 576 2994 auperipr·em
591 2897 802 2976 appellaverint.

48 2981 91 3036 Αιι
106 2981 153 3037 lex
169 2994 260 3038 censat
273 3001 324 3058 per
337 2981 618 3057 interpretationem?

48 3060 82 3118 R.
102 3061 187 3119 Patet
202 3080 236 3120 ex
252 3063 344 3130 dictis,
365 3063 455 3138 legem
471 3063 591 3138 proprie
596 3082 652 3120 non
666 3079 775 3120 comare
788 3079 846 3146 per
851 3061 938 3120 iuter·

16 3143 210 3218 pretationem,
220 3164 244 3202 er
236 3143 325 3202 'nihil
340 3144 417 3202 aliud
431 3155 587 3213 concurret,
608 3145 658 3202 aed
673 3143 750 3202 illam
765 3137 856 3202 cultim
871 3144 937 3202 dare

18 3243 114 3280 tensum
131 3225 211 3301 legia.

50 3305 196 3369 Quomodo
211 3306 271 3364 fieri
285 3307 368 3365 dener
383 3306 452 3384 legis
466 3305 682 3383 interpretatio?
841 3349 843 3354 .

50 3386 83 3444 R.
103 3387 303 3465 interpretatio
325 3387 494 3454 authentica,
515 3408 579 3464 qnae
600 3389 634 3446 fit
653 3395 704 3465 per
724 3387 954 3464 Legisloorrms

19 3467 101 3604 pupjori
125 3473 203 3528 certe
221 3471 281 3532 fieri
303 3484 397 3546 potest
419 3470 567 3538 libertate,
580 3469 661 3545 quirin
684 3490 725 3537 ee,
748 3489 812 3544 quae
832 3469 864 3526 fit
887 3475 950 3545 per

19 3549 183 3609 inferiorem:
205 3546 270 3608 hinc
294 3571 336 3619 ea,
357 3572 420 3626 qum
443 3551 604 3610 doctrinalis
628 3565 751 3618 vocatur,
772 3551 832 3608 fieri
854 3551 939 3610 debet

20 3633 157 3688 secundnm
173 3631 305 3708 regolas'
292 3633 373 3710 Jurie,
395 3634 468 3692 inter
481 3653 549 3708 quoe
560 3634 643 3692 aurire
657 3633 838 3708 assignantur,
860 3631 937 3688 vide·

20 3709 182 3788 licetregula
201 3713 276 3771 15.
263 3714 335 3789 prrie
349 3715 431 3774 inu:
453 3715 558 3772 “Odia
579 3714 716 3789 restringi,
741 3715 848 3772 inroret
871 3729 938 3770 con·

20 3793 115 3850 “venit
129 3794 282 3871 ampliari‚’
288 3796 468 3873 inquentrim
482 3815 583 3874 nempe
597 3797 681 3856 verba
694 3795 763 3872 legia
777 3807 806 3854 et
819 3793 938 3854 circum·

18 3875 115 3934 eunde
128 3877 304 3952 permittam.
