2248 4070
169 113 232 171 88⁰
527 173 531 182 ,
548 122 742 169 reserares

211 275 249 334 R.
267 267 508 348 1⁰.3Pririlegium
533 273 670 348 derogans
690 271 748 348 juri
772 273 916 330 communi
939 273 1108 348 regulariter

170 369 316 433 reputatur
329 355 466 420 odiosum,
481 355 607 428 adeoque
620 365 665 412 est
678 355 903 428 retringendum;
924 355 977 410 uisi
992 357 1108 412 cederet

167 439 336 495 insererem
361 433 537 510 Reipublicae
558 447 607 492 aut
631 434 796 509 Religionis,
822 435 867 490 rel
890 448 968 492 motu
991 435 1109 512 proprio

170 519 244 576 {oret
256 535 430 583 eoncessum,
440 527 472 571 ot
483 515 539 572 lete
549 517 648 592 probat
660 515 773 572 Suarez.
785 515 833 572 lib.
844 517 874 572 8.
889 522 907 548 “
918 517 954 572 de
964 516 1108 591 Legibus‘’

169 617 231 675 cop.
249 601 297 655 et.
313 597 378 654 ltinc
390 595 537 673 privilegia
550 596 665 673 privatis
680 597 747 653 dete
759 608 857 652 eontra
871 596 960 671 legem
976 615 1107 654 cominu·

169 699 234 737 nem
249 693 380 736 censetur
392 677 556 753 regulariter
570 678 675 743 odiose,
690 689 723 732 ut
737 675 843 733 dictum
858 691 902 734 est
916 671 1006 734 Num.
1022 679 1074 734 56.

211 761 316 817 Verirm
338 759 491 835 privilegia,
513 759 613 834 quibus
639 757 777 832 Religiosi
800 757 962 816 eximuntur
986 757 1107 834 &juris-

168 840 293 899 dictione
308 839 520 899 Ordinariorum
534 851 632 896 contra
640 837 688 915 jus
702 857 860 904 commune,
881 837 1010 896 &multis
1025 859 1109 916 repu-

169 936 264 980 tentur
276 921 439 979 favorabilia
454 919 606 996 Religioni,
621 937 653 978 ac
668 921 739 976 adeo
752 919 930 995 amplianda:
951 933 996 978 ast
1011 934 1106 979 utrum

169 1005 224 1062 isto
246 1002 389 1080 exemptio
413 1021 470 1059 non
493 1001 557 1076 plus
585 1014 684 1059 noceat
714 1000 865 1076 Religioni,
894 1000 977 1076 quiam
1008 1003 1104 1077 prosit,

153 1085 270 1142 ¹merito
284 1084 405 1140 durius.
427 1081 512 1141 Certe
527 1083 558 1140 S.
573 1077 732 1139 Bernardes
746 1081 794 1138 lib.
811 1086 838 1138 il.
855 1087 873 1116 “
884 1083 920 1138 de
935 1079 1106 1140 Considera-

170 1173 188 1198 “
203 1164 296 1222 tionel'
322 1161 358 1221 ad
383 1162 543 1237 Eugenium
565 1163 621 1220 lll.
644 1181 707 1237 cap.
729 1163 757 1219 e
781 1162 810 1218 io
832 1163 1031 1238 exemptiones
1046 1165 1105 1222 illas

168 1241 301 1320 tanquam
330 1243 467 1301 Ecclesiae
494 1256 524 1300 et
552 1243 618 1318 ipsis
645 1244 731 1300 etiam
760 1243 913 1319 Religionis
948 1245 1103 1320 plurimirm

168 1328 291 1389 audeas.
308 1319 552 1382 vehementissime
566 1323 716 1382 invehitur.

209 1410 258 1463 2⁰.
274 1406 454 1480 Privilegium
477 1403 662 1482 praejudicans
672 1403 730 1480 juri
744 1403 862 1482 alicujus
884 1406 970 1471 tertii,
997 1408 1054 1464 snb
1073 1428 1104 1464 ea

168 1489 276 1546 ratione
291 1488 418 1544 odiosum
433 1497 477 1542 ert
491 1497 519 1542 et
533 1481 737 1560 co'nsequenter
749 1485 982 1560 restringendum.

208 1571 257 1625 8⁰.
283 1567 474 1641 Privilegium,
498 1569 573 1640 quod
597 1567 688 1624 sellim
703 1579 747 1624 est
766 1580 870 1645 praeter
888 1567 946 1644 jus,
970 1581 1101 1626 censetur

168 1649 328 1715 favorabile,
342 1660 372 1705 et
385 1648 502 1722 proinde
517 1643 717 1722 ampliandum.

209 1730 294 1798 Nota,
308 1728 453 1805 privilegia
467 1728 570 1784 inserta
579 1727 638 1804 juri
652 1727 794 1784 communi
814 1747 869 1784 non
892 1726 987 1786 haberi
1016 1741 1048 1786 ot
1058 1728 1101 1806 jus

165 1811 315 1888 privatum,
327 1811 377 1867 sed
393 1823 424 1866 ut
434 1826 583 1866 commune
594 1832 601 1875 ;
614 1809 688 1864 unde
702 1819 732 1864 et
742 1805 933 1884 regulas‘juris
945 1812 1101 1866 communis

167 1888 348 1967 sequuntur.¹
373 1891 446 1947 Vide
467 1883 531 1964 qu'ae
553 1891 589 1946 de
610 1881 762 1964 interpret.
803 1889 914 1964 Legum
938 1889 1018 1948 dieta
1040 1903 1101 1947 sont

167 1991 251 2050 snpra
266 1971 353 2042 Neue
366 1973 416 2028 56.

207 2054 360 2120 Quomodo
374 2051 519 2128 privilegia
533 2049 741 2124 acquiruntur?

208 2135 246 2192 R.
260 2133 316 2191 Per
329 2133 479 2211 specialem
494 2131 703 2188 concessionem
721 2129 886 2208 Superioris.

180 2247 183 2254 ,
206 2218 257 2272 2⁰.
273 2215 328 2272 Per
341 2213 432 2290 ipsum
442 2211 490 2289 jus
500 2213 608 2270 ratione
622 2212 720 2282 statis,
735 2213 912 2283 conditionis,
926 2213 994 2282 loci,
1011 2215 1065 2272 &c

207 2299 256 2352 8⁰.
272 2296 328 2353 Per
341 2294 583 2352 consuetudinem.

207 2377 253 2433 4⁰.
271 2378 325 2434 Per
347 2375 559 2452 acquisitionem
585 2374 635 2442 rei,
659 2373 753 2444 officii,
776 2375 828 2432 dec.
848 2375 895 2432 cai
919 2375 1097 2456 privilegium

166 2455 305 2516 armerum
320 2451 372 2515 esi.

206 2540 358 2603 Quomodo
371 2537 517 2616 privilegia
531 2547 640 2594 cessant
654 2555 704 2592 seu
717 2537 905 2595 amittuntur?

209 2621 245 2677 R.
265 2623 309 2676 1⁰.
325 2619 506 2693 Privilegium
520 2616 666 2693 personale
679 2618 852 2694 extinguitur
873 2627 963 2676 morte
988 2619 1097 2695 privile-

165 2701 253 2777 giati:
274 2700 349 2756 reale
364 2699 430 2758 verti
444 2699 582 2762 amittitur
604 2717 655 2773 per
675 2699 852 2758 amissionem
875 2699 925 2768 rei,
936 2711 978 2772 ,et
999 2696 1096 2758 desinit

166 2801 217 2858 per
230 2779 373 2837 interitum
388 2779 438 2847 rei,
453 2780 500 2836 cui
512 2779 722 2836 annectebatur.

208 2865 251 2919 2⁰.
268 2861 417 2936 Ptirilegia
429 2861 558 2935 gratuita,
573 2879 628 2916 non
651 2875 784 2916 coneessa
805 2879 841 2919 ex
865 2872 1014 2920 contractu
1036 2881 1096 2919 one·

166 2936 240 3008 r'oso',
254 2954 373 3018 poestrnt
391 2935 501 2998 ¹«reuisere
522 2959 572 3016 per
592 2937 799 3014 abrogationem
821 2954 870 2998 ant
892 2944 1094 3001 revocationem

168 3023 343 3099 Superioris:
364 3021 440 3097 quod
454 3021 477 3078 si
491 3021 669 3097 privilegium
683 3021 719 3077 sit
733 3041 881 3079 onerosum
896 3036 945 3078 aut
970 3043 1095 3082 remune-

166 3104 309 3171 ratorium,
323 3103 447 3160 revocari
462 3102 568 3178 nequit,
583 3101 635 3158 nisi
650 3101 741 3177 gravis
765 3104 931 3161 interveniat
953 3125 1051 3174 cansa,
1071 3117 1106 3167 et,

165 3181 428 3260 liet'compensatio.
1104 3253 1105 3256 Ἴ

207 3263 378 3331 Notandum,
390 3283 444 3351 per
456 3263 548 3338 legem
563 3265 745 3340 posteriorem
761 3285 817 3322 non
832 3267 960 3342 derogari
984 3263 1105 3343 privile-¹

165 3347 220 3422 giis
233 3347 260 3402 io
271 3345 336 3422 jure
347 3343 488 3402 communi
500 3361 555 3401 non
565 3345 776 3413 contenderim
787 3347 911 3404 clausula
922 3348 1092 3424 derogatorir
1103 3347 1104 3397 l

165 3427 353 3502 exprimaturt
368 3427 462 3484 verim
478 3425 632 3501 perlegam
649 3427 830 3502 posteriorem
842 3429 1003 3503 generalem
1019 3430 1103 3531 dero-p

165 3520 247 3581 gatar
259 3507 413 3582 privilegiis
425 3506 455 3562 in
465 3504 530 3581 jure
544 3508 688 3564 communi
701 3509 851 3576 contentis,
871 3508 1038 3583 inquantum
1054 3511 1093 3566 lex

165 3586 222 3646 illis
236 3588 373 3645 contraria
385 3599 438 3654 est,
449 3587 503 3644 etsi
517 3585 546 3642 id
560 3607 615 3644 non
629 3590 767 3664 exprimet
778 3611 786 3653 ;
799 3589 873 3666 quia,
884 3602 917 3646 ut
926 3589 1037 3648 dictum
1048 3601 1094 3661 est¹

165 3665 228 3812 ¹1¹ng
250 3667 396 3806 pgievilegie
418 3663 529 3745 regulas
549 3665 620 3745 juris
645 3670 981 3752 communiesequuntur.
1025 3671 1094 3730 Vide

197 3765 254 3805 rim.
309 3786 316 3803 .

160 3971 204 4018 Ι
1095 3991 1098 4031 t
