2224 4060
402 257 589 306 utentum.
912 241 976 310 ‘489

50 365 91 424 ll.
113 365 199 424 Ilist.¹
209 370 353 440 assumpt.
368 363 452 422 Deus
466 363 713 441 pradeterminat
722 363 912 427 voluntatem
923 367 976 430 bu·

2 463 141 514 nauem,
169 455 203 502 ut
228 452 298 520 agat
321 443 498 511 necessarii,
526 442 557 501 id
586 452 632 501 est
660 443 865 516 infallibiliter,
894 466 975 507 cono.

2 533 157 600 issumpt.
182 523 213 581 id
228 532 275 581 est
288 520 465 578 necessitate
479 519 624 590 absoluta,
644 537 723 598 nego
737 535 879 601 assumpt.
899 525 971 585 item

2 600 152 659 voluntas
166 619 224 660 non
239 609 339 678 potest
353 617 411 655 non
427 617 517 675 agere
537 599 568 656 in
583 619 670 658 sensu
685 602 859 678 composito,
881 603 973 665 idest

2 699 68 738 ron
75 689 181 757 potest
191 678 360 737 combinans
369 695 427 756 non
438 687 607 735 oetumcum
618 679 812 754 prsemotione
821 679 972 754 adactum,

2 777 95 816 :one
107 767 251 834 assumpt.
260 773 318 813 non
331 763 430 831 potest
440 773 499 812 non
511 773 601 832 agere
615 755 644 813 in
655 775 743 815 sensu
754 757 861 828 diviso,
875 759 972 832 idest,

2 836 66 894 sub
78 836 134 894 illa
144 834 338 914 prmmotione
347 851 405 906 non
417 843 517 891 servat
527 835 691 911 potentiam
701 855 759 894 non
767 837 884 914 agendi,
896 857 974 918 nego

2 925 160 992 assumpt.

49 994 131 1052 lust.
146 991 240 1070 Atqui
251 989 529 1067 subillagratianon
537 991 839 1070 manetpotentianoo
850 995 972 1072 agendi:
1090 1011 1093 1022 “

2 1071 161 1148 probatur
170 1067 433 1147 subseq.voluntas
443 1069 491 1126 isti
500 1069 607 1146 gratim
618 1069 776 1130 dissentire
787 1091 846 1132 non
857 1083 972 1151 potest:

2 1169 85 1228 ergo
100 1169 164 1208 nou
178 1158 279 1207 manet
292 1148 437 1224 potentia.
941 1159 943 1162 ·

51 1230 94 1288 R.
110 1225 515 1302 Dist.subseq.voluntnsisti
525 1224 857 1304 gratimdissentirenon
864 1239 974 1307 potest.

2 1307 152 1383 potentii
165 1313 364 1388 consequente
377 1305 566 1362 futuritionis
581 1305 628 1362 vel
649 1306 678 1362 in
694 1323 783 1363 sensu
797 1309 972 1386 composito,

2 1389 67 1444 boc
83 1395 143 1456 eet,
157 1385 295 1442 voluntas
308 1401 366 1439 non
379 1392 478 1460 potest
489 1382 576 1440 simul
585 1383 716 1460 jungere
730 1383 972 1446 dissensumcum

2 1465 124 1541 gratia,
139 1483 221 1522 conc.
235 1470 377 1538 assumpt.
392 1461 606 1538 competentia
619 1461 814 1522 antecedente
827 1464 976 1541 possibili·

2 1544 84 1602 tatis
100 1553 156 1600 eut
170 1543 199 1598 in
214 1539 321 1606 diviso,
341 1557 420 1615 nego
436 1549 578 1616 assumpt.
704 1564 711 1577 x

50 1621 149 1680 Unde
165 1620 234 1678 dum
251 1617 335 1676 Trid.
352 1617 429 1675 Sess.
444 1620 473 1674 6.
491 1637 553 1694 cup.
576 1619 604 1674 5.
619 1627 650 1676 at
671 1637 734 1676 ocu.
747 1620 777 1678 t.
791 1619 872 1691 dicit,
895 1621 975 1699 qubd

2 1695 517 1772 liberumarbitriumpossitgretie
525 1697 683 1754 dissentire
692 1697 742 1754 “si
752 1697 975 1772 velit,”tautdm

3 1779 77 1836 vult
89 1777 271 1856 significare,
286 1774 365 1852 quod
379 1773 434 1848 sub
443 1776 541 1850 gretie
554 1773 642 1832 homo
654 1775 783 1834 retineat
796 1769 975 1854 potestatem

3 1875 64 1916 seu
88 1855 262 1938 potentiam
286 1852 492 1924 dissentiendi,
513 1852 585 1912 licbt
609 1853 775 1911 dissensum
798 1847 976 1933 cumgratia

4 1950 199 2014 componere
213 1949 271 1990 non
287 1930 391 2009 possit.
433 1933 436 1940 '

50 2133 96 2192 N.
117 2133 167 2188 22.
188 2130 249 2189 nn
270 2129 389 2188 suns
413 2101 596 2190 onnus:
618 2129 937 2194 orvmmmeus

157 2291 159 2297 ⁸
279 2285 314 2346 s.
333 2285 432 2346 roam.
450 2287 474 2348 1.
489 2290 518 2346 s.
538 2272 635 2364 queo.
652 2291 718 2347 111.

13 2410 37 2467 l.
64 2407 179 2468 Grotm
201 2425 329 2484 ορεναηε,
373 2407 415 2466 ll.
435 2407 480 2466 Ee
500 2427 660 2484 cooperans.
702 2407 762 2467 lll.
782 2407 973 2478 Provenient,

52 2487 117 2548 IV·
136 2485 183 2546 Et
206 2486 380 2562 subsequens.
409 2487 459 2546 ⁴V.
479 2486 629 2555 Encimns,
682 2487 738 2545 Vl.
758 2485 803 2544 Et
823 2487 973 2562 affauens.

51 2564 134 2626 Vll.
161 2563 265 2622 Gratia
286 2566 379 2640 primi
403 2563 503 2632 scottis,
558 2564 650 2624 Vlll.
670 2564 716 2624 Et
738 2565 853 2624 emundi
877 2565 975 2625 matria

53 2643 120 2703 IX.
141 2642 240 2701 Primi
251 2641 341 2700 otonis
353 2643 500 2700 erotmere’
512 2641 664 2719 offuerit.

55 2797 269 2874 QUAENAM
279 2798 377 2876 gratia
385 2798 492 2856 dicitur
502 2817 638 2877 operans,
650 2819 782 2878 qumnom
794 2805 975 2878 cooperans?

55 2881 83 2938 l.
108 2879 149 2937 R.
172 2873 201 2937 S'.
223 2877 330 2936 Thom.
354 2886 410 2935 art.
437 2879 465 2934 2.
491 2877 620 2955 applicat
646 2880 796 2958 predicte
823 2879 976 2939 divisionis

12 2957 155 3018 membra
169 2957 273 3033 gratiae
295 2955 403 3014 actuali
427 2965 459 3014 et
481 2955 641 3016 habituali:
662 2958 764 3018 vbrslm
780 2957 977 3018 communiter

14 3039 191 3096 Auctorum
203 3034 351 3094 sententie
359 3033 464 3092 tribuit
475 3035 733 3106 banewdinisionem
742 3036 847 3112 gratiae
857 3035 976 3108 actuali,

12 3118 57 3176 ita
82 3124 121 3174 ut
140 3113 243 3190 'gratia
267 3131 393 3190 operans
408 3123 531 3172 vocatur
550 3114 648 3190 gratie
660 3113 793 3183 actualis,
815 3115 975 3194 secunddm

16 3195 103 3274 quod
118 3193 204 3252 Deus
217 3191 375 3250 humanam
389 3202 519 3250 mentem
534 3202 636 3251 moret
652 3192 800 3250 adactum
815 3191 977 3256 volitionis.

57 3273 105 3333 11.
128 3271 236 3330 Gratia·
245 3289 407 3345 cooperans
421 3281 545 3329 vocetur
558 3271 655 3348 gratie
668 3271 800 3339 actualis,
815 3271 976 3333 seeunddrn

17 3351 102 3432 quod
116 3349 248 3408 illa-cum
263 3349 417 3407 voluntate
438 3349 567 3408 humana
583 3359 726 3427 operante
739 3347 877 3427 producit
891 3337 977 3412 effec-

17 3444 103 3492 tum:
124 3429 168 3487 eie
181 3429 280 3505 gratia
293 3447 419 3505 operans
434 3437 464 3484 et
474 3447 637 3504 cooperans
647 3439 771 3506 possunt
785 3447 850 3486 esse
864 3429 977 3506 eedem,

18 3524 49 3570 et
64 3508 213 3584 distingui
228 3505 323 3565 soldm
338 3506 499 3565 secundrlm
518 3507 652 3565 divorsos
666 3507 799 3565 effeetus.
923 3513 926 3523 '

15 3611 18 3618 ⁴
59 3590 112 3649 De
124 3587 170 3644 lris
181 3585 219 3644 nd
230 3585 431 3663 Philippmap.
443 3588 471 3644 2.
485 3595 652 3663 “operatur
666 3585 742 3643 velle
757 3594 788 3644 et
802 3585 944 3663 perficere
954 3592 979 3660 ;”

19 3679 50 3727 et
77 3667 110 3726 S.
136 3666 218 3743 Aug.
242 3662 293 3722 lib.
315 3664 384 3723 “de
407 3664 512 3724 Gratia
532 3677 564 3723 at
575 3663 672 3722 libero
686 3663 827 3730 arbitrio”
847 3684 911 3744 cap.
934 3671 980 3731 17,

20 3745 213 3825 cooperando
229 3742 314 3804 Deus
338 3743 368 3801 in
384 3743 469 3804 nobis
490 3741 615 3822 perlicit,
637 3743 717 3824 quod
731 3743 815 3802 Deus
830 3753 981 3823 operand⁰
1108 3743 1109 3759 n

21 3826 145 3906 incepit.
202 3869 208 3878 .
330 3871 333 3878 .
