2248 4070
701 81 710 116 l

386 163 428 204 nc
449 162 594 208 troiana.
895 146 956 204 298

32 329 88 388 que
110 306 251 386 pertinent
273 307 311 366 ad
333 309 488 384 regularem
517 307 703 385 disciplinam,
727 306 837 384 lembus
860 317 956 370 umen

32 390 158 468 Episcopi
172 388 286 449 obedire
300 389 404 450 debent
417 391 446 448 in
459 390 524 458 illis,
539 409 602 465 quae
627 400 754 466 spectent
776 389 952 450 administre-

32 474 127 532 tienem
138 471 311 529 Sacramenti
325 471 400 529 circe
414 472 526 540 Laicos,
540 472 607 530 item
623 470 722 528 inillis
736 490 799 546 quae
813 471 960 547 pertinent.

32 556 62 614 ad
74 553 301 630 predicationem
323 553 401 610 verbi
415 553 474 612 Dei
496 565 526 620 et
550 553 664 630 publicu
685 552 778 610 officie
798 553 955 614 exercenda

32 650 102 694 extra
114 627 324 695 monesterium.
358 635 441 694 .Vide
456 635 544 694 Cone.
560 634 640 692 Trid.
655 633 730 694 Sese.
746 635 776 694 5.
790 653 816 692 e.
839 635 866 692 2.
887 635 957 696 “de

32 715 194 775 “Reform''
210 726 239 774 et
254 714 329 774 Sese.
342 717 391 772 25.
407 735 467 792 cap.
486 717 520 772 ll
536 727 565 774 et
589 717 635 774 12.
656 717 722 774 “de
737 713 953 791 negarentur·

66 797 164 872 Neque
178 795 222 854 his
236 796 345 873 legibus
359 798 469 858 tautrlm
493 797 629 856 indirecte
650 815 747 874 parere
771 797 882 866 debent,
904 798 955 860 sed

32 880 106 938 etism
134 879 243 936 directe
270 890 419 946 tenentum
440 879 506 954 quia
532 879 569 936 de
591 877 656 954 jure
687 878 829 937 communi
856 897 956 944 ornnes

33 960 161 1036 Religiosi
175 958 295 1036 subjecti
308 973 374 1018 sunt
388 960 538 1018 Ordinario
551 960 615 1029 loci,
630 959 684 1018 uisi
698 960 817 1020 domant
840 979 955 1036 exemp·

31 1043 126 1102 tionem
142 1062 232 1110 suam,
248 1041 360 1100 dicente
383 1042 471 1102 Cone.
492 1040 715 1102 chalcedonensi
728 1060 789 1102 eeu.
804 1045 833 1102 4.
854 1046 872 1074 “
885 1041 953 1112 Eos,

33 1131 47 1158 “
56 1124 99 1199 qui
114 1143 167 1200 per
181 1123 304 1198 singulas
318 1123 446 1184 civiutes
460 1143 509 1182 seu
522 1123 713 1200 possessiones
731 1122 759 1180 in
774 1121 956 1186 Menoetii·

34 1212 47 1240 “
56 1217 125 1275 sant,
139 1205 234 1282 placet
247 1204 328 1262 nobis
343 1204 485 1282 Episcopo
498 1203 639 1282 subjectos
653 1224 716 1264 esse
728 1202 855 1262 debere.”

67 1285 164 1356 Ceius,
175 1287 204 1344 in
219 1286 320 1361 quibus
330 1287 373 1344 vel
384 1285 449 1362 jure
461 1285 601 1344 ordinario
612 1286 656 1345 vel
667 1298 799 1361 nequent
810 1285 956 1362 delegatus

34 1369 106 1428 Sedis
118 1368 296 1446 Apostolicae
306 1387 390 1446 ogere
400 1380 494 1444 potest
504 1367 664 1445 Episcopus
674 1368 703 1426 in
714 1367 958 1443 iugularentur
993 1369 995 1376 ’

34 1451 173 1528 Fegnanus
187 1450 217 1508 iu
231 1448 383 1525 capitulum
406 1451 448 1506 19.
462 1449 582 1508 Gneus
606 1449 656 1508 lib.
673 1450 697 1507 1.
712 1449 828 1512 Detret.
850 1449 894 1509 tit.
908 1449 958 1510 31.

34 1533 86 1590 Vsu
101 1532 199 1608 Espeu
214 1531 244 1590 in
256 1531 391 1607 repagulo
405 1531 549 1592 CanonIeo
563 1546 591 1588 et
605 1531 634 1588 in
654 1529 719 1608 jure
733 1550 785 1590 suo
800 1530 956 1592 Ecclesias-

34 1615 82 1672 tieo
95 1613 236 1672 universe.
277 1612 375 1670 videri
388 1612 473 1671 etiarn
488 1625 581 1689 potest
590 1612 761 1674 Benedictus
772 1611 854 1672 XIV.
865 1612 914 1670 lib.
929 1613 959 1670 9.

34 1697 63 1754 dc
77 1695 194 1772 Synodo
208 1693 376 1756 Direcesana
389 1697 415 1752 c'.
432 1695 478 1752 15.

35 1857 66 1916 n.
88 1858 137 1914 31.
181 1856 239 1917 ne
261 1855 523 1924 rrneennns,
550 1855 735 1920 novenis
757 1855 811 1917 ur
831 1831 958 1920 vcors

318 1937 418 1999 Leer
441 1937 670 2001 snmucrrs.
721 1975 725 2004 .

35 2102 55 2160 l.
75 2101 263 2175 Pereyrr'mn.
310 2099 352 2158 11.
381 2098 514 2162 Aduena.
563 2101 621 2160 111.
658 2100 763 2174 Vopes.
813 2099 865 2162 IV.
896 2099 960 2160 Len

69 2181 178 2240 locolr's.
229 2183 266 2240 V.
294 2181 357 2242 Len
379 2183 552 2258 personalis.
606 2183 662 2242 Vl.
691 2181 879 2256 Pcreqrines,
907 2182 959 2255 dfe.

69 2273 179 2324 terretur
193 2262 301 2341 lepidio
316 2263 519 2340 personaliter
540 2263 653 2341 adipate,
696 2264 763 2322 Vll.
785 2262 858 2324 Item
884 2262 959 2324 loeu-
992 2327 998 2336 ,

68 2344 142 2403 libus
157 2344 211 2402 loct
234 2347 266 2402 in
290 2364 347 2422 quo
371 2355 420 2404 est.
462 2346 546 2406 VIII.
566 2346 636 2404 Non
659 2344 722 2414 loci,
746 2345 766 2402 ἀ
790 2363 848 2421 quo
871 2343 957 2410 oben.

69 2426 120 2484 IX.
142 2425 213 2484 Neci
239 2425 315 2484 absit
338 2427 369 2486 in
384 2427 536 2501 fratuelem.
575 2427 612 2484 X.
643 2425 694 2484 Vel
717 2427 961 2500 eorumeorurn

65 2510 188 2584 proprio
201 2508 423 2585 territoriofierr¹
436 2518 593 2568 censeatur.
634 2507 687 2569 XI·
707 2506 857 2584 Exceptio.

70 2671 92 2728 l·
108 2669 341 2731 PEREGRINI
363 2671 495 2732 dicuutur
518 2671 568 2740 illi,
588 2663 641 2747 'qui
665 2669 732 2728 olibi
753 2667 857 2728 habeut
871 2669 961 2736 ‹luml-

38 2752 134 2819 cilinm,
150 2753 199 2810 scd
205 2751 264 2828 jem
274 2765 353 2810 extre
364 2752 532 2812 territorium
545 2773 626 2810 suum
637 2765 781 2817 versentur
791 2771 855 2810 euru
867 2752 960 2810 enimn

38 2833 181 2890 reddendi:
216 2834 257 2892 sic
281 2833 373 2892 incola
400 2835 616 2914 Antuerpienais
651 2845 766 2894 vocat-ur
799 2837 962 2910 peregrinus

39 2913 204 2985 lleohliniae,
229 2917 341 2991 quando
363 2915 408 2974 hle
422 2929 546 2975 meretur
566 2915 673 2972 itineris
696 2915 740 2972 rel
759 2913 963 2992 negotiationis

39 3015 123 3053 causa.

74 3077 115 3135 Il.
130 3077 251 3135 Aduena
271 3075 427 3154 iaplnribus
452 3097 515 3136 cum
536 3077 684 3153 peregrino
707 3077 907 3136 confunditur:
927 3076 964 3134 ub

40 3158 93 3214 eliis
107 3171 201 3218 umen
216 3160 396 3232 distinguitur
410 3159 427 3217 a
440 3161 595 3236 peregrino,
612 3170 640 3215 et
663 3158 765 3216 dicitur
786 3158 844 3228 ille,
865 3158 913 3234 qui
933 3158 964 3214 in

41 3260 90 3296 uuo
102 3240 167 3298 loco
181 3241 354 3298 domicilium
370 3240 461 3306 habet,
477 3253 505 3298 et
519 3241 547 3297 in
562 3239 617 3300 alio
631 3238 746 3298 hebitat.

75 3321 128 3380 llI.
149 3322 246 3398 Vagus
260 3335 312 3391 est,
327 3323 374 3397 qui
390 3322 489 3380 nullibi
503 3322 589 3380 fixum
605 3320 777 3380 domicilium
799 3319 892 3389 hebet,
914 3321 965 3378 sed

43 3403 72 3458 do
85 3403 146 3463 loro
170 3404 199 3462 in
225 3403 317 3466 locum
340 3403 455 3462 transit:
476 3403 572 3479 quoles
597 3415 663 3460 sunt
683 3402 770 3478 eliqui
783 3403 965 3470 medicantes,

44 3485 101 3541 item
115 3485 201 3560 aliqui
215 3485 387 3552 itinerantes,
403 3486 451 3560 qui
466 3505 576 3562 semper
590 3484 626 3542 de
640 3483 703 3542 loco
727 3485 755 3540 in
777 3484 871 3542 locum
891 3496 966 3543 treu-

44 3577 116 3624 seunt
129 3567 190 3628 elue
205 3566 264 3624 ulle
278 3587 344 3626 vern
356 3565 536 3624 habitatione.
977 3634 980 3642 y

77 3648 254 3724 Applicenrle
268 3647 313 3706 lule
327 3648 426 3706 divisio
441 3647 510 3722 legis
524 3647 552 3704 in
567 3646 685 3706 localem
700 3659 729 3706 et
742 3646 926 3722 personalem.

77 3729 126 3786 lV.
140 3729 254 3788 Loculis
268 3743 321 3798 est,
346 3749 410 3806 quie
434 3729 540 3806 obliget
563 3747 614 3804 pre
635 3729 820 3787 determinato
844 3728 916 3794 loco,
938 3738 968 3786 et

44 3810 134 3868 eedem
149 3811 333 3878 terminatum
354 3811 444 3886 qualis
458 3823 502 3868 est
515 3830 566 3886 pro
591 3808 746 3867 Territorio
768 3807 962 3868 Mechliuieus'

45 3891 84 3948 lex
97 3893 256 3953 celebrandi
272 3893 384 3952 Festum
398 3893 427 3952 S.
440 3891 575 3954 Rumoldi
589 3891 618 3948 in
631 3891 756 3968 popule:
771 3890 941 3964 talesquoqr

464 3976 545 4030 ccss
