2240 4060
417 183 616 230 oruaotoos.
935 175 997 232 397

75 287 131 346 50.
151 286 219 346 Lex
240 305 319 346 nova
340 295 387 347 est
409 287 586 346 universalis
608 295 639 346 et
659 287 825 348 necessaria
844 307 900 367 pro
912 290 997 350 omni

30 374 144 438 geute,
165 365 276 426 Matth.
301 385 364 444 cap.
378 367 426 423 28.
449 385 476 422 v.
494 367 538 423 le.
559 365 677 426 dicente
694 366 831 426 Christo:
853 369 996 430 “Euntcs

29 449 51 578 ‘I‘
69 441 293 579 docleteomnas
306 454 412 522 gentes
422 443 445 502 :’¹
467 443 535 504 Idex
546 443 736 504 vetussolrim
746 448 997 526 eratpro-populo

53 524 127 580 arari
141 521 221 580 itico.
935 575 939 580 .

78 601 132 658 60.
155 599 220 660 Lex
233 610 320 660 vetus
340 601 411 660 data
423 611 470 659 est
493 600 531 658 ad
546 609 674 680 tempus,
694 599 745 661 lex
759 618 836 678 oona
848 593 944 682 irsqpe
957 603 994 666 ad
1033 640 1036 646 ,

30 681 327 738 consummationem
338 679 436 738 saculi
448 691 638 757 perseverat:
660 680 996 760 undejuxteApost.ad

34 753 125 815 Heb.
138 776 202 836 cap.
216 761 245 818 7.
260 778 286 817 v.
300 761 348 818 24.
389 769 407 796 “
421 757 642 835 Somplternum
659 758 748 820 babet
764 759 998 820 Sacerdotium.”

78 836 131 892 70.
153 836 220 895 Lex
234 845 320 896 vetus
332 836 392 895 fuit
414 835 520 896 umbra
540 848 571 895 at
584 837 689 916 ligura,
710 836 761 896 lex
774 845 852 896 nova
864 839 998 900 continet

32 911 138 989 ipsam
152 916 321 985 veritatem,
335 915 502 974 adcoloss.
516 933 580 992 cap.
595 919 622 973 2.
637 934 665 974 v.
682 915 727 972 17.
761 915 904 994 “Umbra
916 918 997 977 fotu·

32 1000 53 1029 “
68 1009 188 1064 rorum,
209 1011 316 1072 corpus
330 992 429 1052 autem
445 990 585 1058 christi?

78 1071 132 1129 80.
153 1072 220 1130 Lex
235 1083 320 1131 vetus
335 1071 472 1150 promisit
486 1071 671 1148 temporalia,
692 1071 743 1130 lex
757 1091 835 1131 nova
847 1074 998 1152 promittit

33 1146 122 1207 bona
134 1160 264 1209 aterna:
285 1151 354 1208 hinc
367 1151 477 1227 Apost.
491 1150 530 1208 ed
544 1150 625 1209 Heb.
645 1169 708 1244 cap.
722 1153 752 1208 8.
766 1169 793 1208 v.
807 1154 835 1208 6.
876 1153 997 1227 “Quod

35 1235 55 1264 “
71 1228 106 1284 in
121 1227 591 1306 melioribus=rcpromissionibus
608 1240 752 1286 sancitum
767 1229 860 1288 est.’''¹

77 1304 172 1365 Bona
182 1307 360 1384 temporalia
373 1305 569 1366 infallibiliter
580 1305 753 1369 accidebant
766 1307 995 1371 observantibus

32 1383 140 1461 legem
149 1396 291 1455 vetarem,
301 1384 462 1462 spectando
471 1395 580 1443 statum
589 1403 773 1462 communem
783 1387 869 1444 istius
878 1388 995 1465 populi:

33 1461 722 1540 quinetiamparticularibossaltomordinarie:
734 1463 996 1526 undedicitDrtvid

36 1540 144 1598 Psalm
160 1545 208 1598 36.
222 1561 251 1599 v.
264 1545 312 1600 25.
353 1551 372 1580 “
383 1541 493 1602 Jouior
506 1540 559 1609 fui,
575 1540 684 1598 etenim
700 1543 803 1600 senuit
825 1553 923 1622 etnou
933 1545 996 1604 vidi

34 1617 186 1696 “justum
211 1621 395 1689 derelictum,
417 1639 471 1678 uec
485 1637 585 1677 semen
608 1621 673 1696 ejus
696 1639 831 1696 quaerens
853 1625 996 1699 panem;”
1110 1688 1111 1694 ἵ

35 1697 121 1774 qudd
136 1708 237 1758 aotam
251 1698 399 1778 aliquibus
412 1698 442 1756 io
453 1697 635 1774 particulari,
649 1699 769 1776 tametsi
783 1698 880 1776 legem
896 1700 1001 1761 obser·

37 1775 194 1846 vantibus,
208 1778 358 1836 interdum
367 1775 537 1834 acciderent
546 1775 633 1843 mala,
648 1776 786 1847 hocerat,
801 1777 849 1836 vel
858 1775 998 1857 quiajam

36 1865 127 1914 arant
142 1855 313 1932 spirituales
327 1853 436 1926 effecti,
458 1871 585 1932 quorum
599 1854 695 1912 virtus
709 1863 773 1912 arat
787 1858 954 1918 exercenda
967 1869 999 1918 et

36 1932 206 2010 probanda,
221 1936 331 2012 quique
345 1953 404 1991 non
419 1931 547 2010 amplids
562 1931 638 2012 bona
651 1933 837 2010 temporalia,
853 1935 906 1994 sed
917 1953 997 2014 'mer-

37 2011 147 2072 cedem
158 2011 351 2071 intuebantur
361 2023 517 2070 aeternam:
538 2010 586 2068 vel
596 2009 751 2088 quialegis
761 2031 853 2089 opera
863 2016 997 2075 exterius

37 2089 203 2227 imsslentris
216 2087 584 2230 corttotumchadebbnbin
590 2087 808 2227 b⁰11⁰p⁰r⁸1¹ibg⁸
822 2090 996 2229 delixpm9o9t

38 2187 57 2226 a
105 2187 381 2248 eooongaum,u
441 2187 494 2228 oce
556 2208 565 2224 .
640 2186 698 2226 om.
740 2208 747 2224 .
793 2187 926 2247 .quaes.
988 2214 996 2231 .

38 2257 96 2307 art.
110 2251 143 2307 6.
156 2248 194 2307 od
207 2252 236 2307 3.

79 2327 244 2400 Quomodo
255 2301 398 2399 subsistit,
406 2326 504 2404 legero
516 2335 648 2385 veterem
662 2343 721 2384 nou
732 2325 850 2386 dedisse
857 2329 995 2404 gratiam,

39 2404 107 2464 crim
123 2406 337 2466 multiloerint
350 2405 380 2464 in
395 2425 432 2466 ea
446 2405 556 2476 Sancti,
571 2403 917 2486 qualesnonpotuerunt
930 2425 995 2468 essa
1059 2439 1061 2446 ¹
1094 2477 1103 2484 ‚

42 2484 107 2542 eine
122 2485 243 2562 gratia?

83 2563 130 2622 ll.
150 2564 190 2623 R.
213 2563 300 2637 Quia,
326 2561 460 2640 quamvis
483 2561 533 2620 lex
555 2561 790 2638 vetuegratiam
818 2581 878 2621 non
895 2563 996 2636 daret,

42 2639 171 2700 dabatur
184 2651 283 2702 tamen
298 2643 396 2719 gratia
410 2641 464 2699 sub
477 2640 545 2718 lege
555 2639 659 2710 veteri,
674 2659 731 2698 nou
741 2642 770 2698 vi
785 2639 861 2718 legis
875 2645 997 2715 veteris,

42 2719 93 2778 sed
108 2719 139 2778 vi
152 2719 230 2800 logie
238 2739 332 2790 novo,
342 2717 431 2797 'cujus
443 2719 537 2776 virtus
548 2736 602 2795 per
612 2717 742 2798 aliquam
753 2720 996 2797 anticipationem

41 2796 78 2856 ad
88 2797 189 2876 legem
206 2809 337 2858 veterem
351 2795 571 2856 extendebatur
582 2797 698 2854 ratione
711 2797 782 2857 fidei
798 2798 828 2856 in
844 2799 996 2858 Christum

43 2886 221 2945 venturum
242 2895 296 2954 per
319 2875 403 2954 cujus
426 2886 554 2934 mortem
578 2885 610 2934 ot
631 2876 739 2934 merita
757 2885 862 2953 postea
874 2877 997 2938 realiter

42 2955 189 3030 ponende,
203 2955 256 3014 sed
269 2953 307 3014 ab
322 2974 358 3014 eo
370 2953 469 3013 oblata
483 2964 513 3012 et
527 2955 545 3012 d
560 2953 651 3032 Patre
661 2953 698 3011 ab
707 2959 819 3012 aeterno
833 2963 995 3032 acceptata,

42 3033 178 3093 homines
189 3035 217 3092 in
228 3033 296 3112 lege
304 3033 399 3092 veteri
409 3033 536 3110 gratiam
547 3043 615 3090 sunt
626 3033 789 3091 consecuti:
810 3032 892 3092 itaut
901 3033 995 3093 bomi-

43 3131 93 3170 nes
103 3113 190 3190 justi,
212 3113 271 3190 quia
284 3111 368 3181 tales,
383 3111 420 3170 ad
435 3111 531 3188 legam
547 3129 652 3168 novam
668 3111 872 3188 pertinerent:
894 3124 926 3171 et
940 3113 1002 3172 hoc'

45 3208 130 3250 sensu
147 3190 257 3250 dicitur
272 3191 409 3250 Christus
423 3207 517 3267 agnus
531 3189 644 3247 occisus
661 3189 697 3246 ab
712 3190 829 3266 origine
843 3191 955 3249 mnndi.
1040 3195 1047 3203 '

45 3310 82 3368 N.
110 3312 160 3368 96.
199 3309 259 3370 DE
280 3307 496 3370 TEMPORE
518 3305 841 3366 OBLIGATIONIS
862 3307 991 3370 LEGIS

81 3387 230 3458 NOVAE,
245 3387 303 3448 ΕΤ
318 3385 593 3447 GESSATIONE
609 3383 737 3446 LEGIS
753 3383 952 3448 VETERIS.

251 3488 287 3548 S.
306 3469 404 3548 Tiora.
421 3491 446 3544 l.
461 3489 488 3544 2.
501 3496 598 3563 qooeet.
613 3487 677 3544 lot.
690 3495 746 3544 ort.
760 3487 788 3544 3.

50 3589 71 3645 Ι.
89 3587 152 3646 Lea
168 3589 342 3664 nococoepit
359 3587 483 3662 obliyore
503 3585 534 3642 in
558 3583 725 3642 Pentecoste.
769 3581 810 3665 ll.
835 3582 996 3645 eunome

12 3652 25 3682 '
86 3669 116 3724 in
143 3666 261 3725 dicens
281 3665 449 3744 ropionibus.
464 3737 470 3746 1
486 3662 561 3799 &Hele
587 3663 789 3740 Quadroqt'nto
818 3663 904 3720 annis
930 3677 999 3774 post
