2248 4070
396 114 439 156 aa
454 113 599 158 marsus
905 99 966 162 iii

67 261 107 322 R·
131 260 215 338 Nego
237 244 349 336 eoassq·
371 259 437 338 quia
460 259 491 320 S.
504 257 606 320 Tuam.
629 259 738 318 aarum
757 259 830 330 vult,
848 261 967 322 nudam

25 343 109 402 iilum
125 345 156 404 iu
169 343 278 420 iegibus
292 341 420 402 humanis
440 358 496 401 usu
520 343 620 402 cadmo
643 341 695 400 sub
709 354 859 421 prtuaepts
870 361 921 421 par
934 362 966 406 aa

24 439 54 483 et
67 425 189 493 directe,
211 426 274 483 edm
289 423 326 482 sit
339 423 474 484 internus.
515 424 589 482 Vide
604 422 688 482 Nam.
705 425 755 484 tr.

65 506 138 583 obj.
153 507 209 566 ill.
231 505 337 566 Saltem
360 505 454 584 opinio
475 505 620 581 requirant
643 505 765 581 aliquam
778 504 964 569 interdianum

24 588 227 657 satisfaciendi,
249 601 314 646 usta
327 601 371 645 est
394 601 514 650 eausam
523 585 614 644 varias
635 588 799 656 anxietates,
824 587 967 651 steuilla

23 671 168 810 tillia
182 668 783 810 ttftitrllllffl’dflitsi
796 685 853 730 ”⁰¹¹
867 670 966 734 '⁰³⁶⁰'

386 791 393 820 ,
750 787 759 806 .

65 833 104 890 R.
129 833 205 909 Neg.
215 843 308 892 autea.
318 852 382 892 uam
396 832 425 890 ia
439 832 577 892 similibus
590 831 700 890 essibus
713 827 831 893 iubetur
844 831 971 895 intentio

24 915 159 990 quaethm
183 915 309 974 virtualis
331 927 380 972 aut
404 913 504 972 saltem
526 913 738 990 interpretativa
758 913 967 986 mutuandi

25 995 131 1072 quiesi
147 997 274 1056 missua
288 1016 349 1054 esse
360 995 484 1063 Festum,
505 995 664 1054 satisfacere
679 994 825 1054 voluisset.

62 1077 193 1148 Deinde,
221 1078 288 1136 lieet
311 1079 340 1136 in
364 1076 524 1154 particulari
550 1077 663 1134 Festum
689 1077 840 1152 ignoratur,
871 1075 967 1142 adhue

24 1173 119 1218 tamon
136 1160 264 1237 impletio
277 1159 411 1238 praecepti
425 1159 453 1216 iu
465 1158 588 1234 generali
602 1158 737 1234 implicite
751 1158 860 1216 intendi
869 1169 965 1234 potest

24 1260 57 1298 er
71 1257 119 1310 eo,
136 1243 215 1318 quud
226 1241 289 1317 quis
302 1241 468 1318 generaliter
482 1240 610 1298 intendat
624 1240 722 1298 diebus
737 1239 828 1298 Fastis
842 1237 965 1298 Missam

23 1323 144 1382 audire:
165 1324 249 1382 sicuti
273 1322 336 1399 quis
355 1323 485 1399 ignoraus
507 1321 640 1398 quasdam
664 1321 730 1380 fidei
744 1321 875 1380 raritates
896 1340 966 1380 aaa·

24 1417 118 1463 tantm
135 1405 164 1462 in
180 1405 325 1483 Scriptura
340 1404 370 1463 S.
392 1404 497 1462 dicitur
518 1417 615 1462 tamen
633 1423 680 1462 eas
700 1402 836 1480 implicite
850 1403 966 1464 eredere

23 1486 51 1544 ia
74 1485 134 1545 liae
157 1487 318 1555 universali,
338 1485 394 1562 qui
416 1485 506 1544 credit
527 1485 629 1552 omnia,
650 1503 716 1560 quta
729 1485 757 1542 iu
774 1485 920 1562 Scriptura
933 1485 964 1544 S·

25 1568 217 1628 eontinentur.
251 1569 357 1626 Variam
372 1567 457 1626 aienti
470 1567 519 1624 illa
532 1568 602 1624 fides
616 1566 753 1643 implicita
764 1586 841 1644 soepo
854 1567 965 1626 tanaim

24 1662 66 1708 est
80 1649 246 1720 habitualis,
267 1649 406 1710 sicariam
421 1649 471 1706 illa
491 1648 630 1708 intentior
651 1661 680 1708 et
700 1648 741 1706 ita
753 1647 965 1710 convenissem

24 1729 257 1809 interpretativa3
285 1731 400 1790 tandem
424 1730 480 1788 diui
502 1742 597 1806 potest
621 1749 686 1787 cum
705 1729 845 1806 Wiggers,
877 1730 964 1806 qudd,

23 1811 93 1872 lietu
116 1814 271 1874 formaliter
294 1813 386 1890 legem
408 1832 465 1870 non
479 1811 651 1889 implevisset
664 1812 701 1870 ob
715 1812 857 1870 defectum
872 1811 965 1870 intan-

24 1893 123 1965 tionis‚
145 1907 240 1954 tamen
254 1895 336 1954 aliam
352 1894 470 1952 Missam
494 1894 590 1952 audire
605 1913 661 1951 nou
675 1905 812 1962 teneatur,
833 1893 912 1968 quasi
927 1894 967 1952 als

24 1977 249 2038 subtractionem
264 1976 406 2043 materiaez
426 1975 492 2053 quia
506 1975 625 2034 Missam
644 1973 702 2052 jam
724 1974 842 2043 audivit,
864 1987 893 2034 et
908 1973 965 2034 Eo·

25 2058 114 2117 alesia
138 2059 170 2117 in
192 2057 247 2118 hoe
269 2077 336 2117 essu
359 2069 489 2116 censetur
510 2057 665 2134 indulgere,
686 2055 812 2131 illudque
827 2055 965 2134 edmaqie

25 2140 140 2200 admitti
154 2152 258 2219 potest,
279 2139 345 2218 quia
367 2150 410 2198 est
424 2139 580 2198 munais
592 2137 801 2215 Theologorem
815 2137 964 2209 sententia,

26 2241 89 2300 quau
105 2223 136 2280 ia
146 2221 214 2300 jura
225 2223 346 2300 positivo
360 2220 482 2280 humano
491 2240 567 2298 saepe
578 2220 746 2280 determinat
759 2235 872 2278 sensum
884 2219 965 2296 lagia,

64 2304 123 2364 lv.
145 2303 260 2381 Aliquis
273 2302 420 2364 tenerioris
434 2303 623 2372 conscientie,
645 2303 711 2360 dum
726 2301 772 2360 dle
787 2301 872 2360 Festa
885 2301 966 2360 audit

27 2383 149 2444 Missam
166 2406 231 2446 oum
244 2386 338 2462 aliqua
352 2384 532 2443 distractione
546 2383 612 2442 licet
626 2383 820 2451 involuntaria,
841 2381 965 2456 sugium

27 2468 140 2528 audiam
162 2468 246 2526 aliam
267 2467 385 2528 Missam
406 2466 600 2542 obligationis;
619 2465 730 2525 iuterim
743 2464 921 2541 prosequitur
934 2464 965 2522 iu

27 2551 126 2608 udam
140 2549 233 2608 Missa
244 2548 384 2608 audienda
397 2568 461 2606 oum
473 2548 568 2606 dubita
581 2546 755 2606 attentione:
769 2549 912 2624 queritur,
927 2565 965 2606 aa

28 2651 126 2691 terma
139 2643 270 2692 tmsatar
282 2631 365 2690 aliam
381 2630 500 2688 Missam
515 2629 635 2688 audire?

68 2713 107 2772 R.
132 2713 209 2790 Neg.
232 2732 289 2772 uon
313 2712 387 2771 anim
411 2709 508 2770 habuit
529 2710 713 2770 intentionem
728 2709 894 2768 eontrarium
907 2727 967 2768 noa

29 2795 228 2862 ntisfaoiaudi,
257 2805 287 2853 et
310 2793 467 2852 virtualiter
489 2811 540 2870 per
563 2793 691 2868 primam,
712 2791 736 2848 si
756 2787 853 2868 possit,
875 2789 966 2850 voluit
1032 2843 1036 2852 ,

29 2877 200 2941 satisfacere,
221 2876 387 2951 tantquue
401 2875 553 2932 secundam
567 2873 664 2931 audire
679 2872 833 2949 proposuit,
854 2871 878 2928 si
893 2872 965 2938 forte

30 2977 79 3035 par
92 2959 212 3037 primam
227 2977 283 3016 uos
297 2955 488 3016 satisfecisset.
529 2955 609 3014 Idem
627 2953 811 3032 judicandum
826 2953 862 3012 da
876 2951 965 3012 Haris

31 3040 184 3099 Cauoaieis
198 3039 228 3098 iu
240 3037 327 3096 siusili
340 3057 415 3096 earu.

34 3201 155 3262 ·N.52.
195 3201 254 3261 DE
276 3199 411 3268 MODO,
432 3197 520 3264 QUO
544 3198 679 3258 scTUS
700 3195 826 3256 LEGIS
848 3196 946 3258 FIAT

196 3280 393 3342 HONESTE
414 3280 469 3340 ET
490 3279 586 3342 SINE
607 3277 810 3340 PECCATO.

36 3443 60 3503 Ι.
81 3447 249 3505 Peraeam
264 3444 453 3520 undequaque
475 3442 584 3500 malum
608 3461 668 3502 aaa
691 3439 797 3517 saresta
819 3440 884 3516 lupi.
925 3437 966 3502 11.

156 3526 220 3586 Sed
230 3523 310 3586 debet
321 3543 380 3584 esse
392 3523 483 3584 &aas
496 3524 595 3584 sulum
608 3521 764 3584 reouudtim
776 3523 858 3600 quid.

75 3687 135 3747 AN
147 3707 200 3766 par
212 3700 307 3747 aetum
321 3687 425 3753 malum
440 3699 533 3765 potest
547 3686 675 3746 satisfieri
689 3685 770 3763 legi?

76 3769 101 3828 1.
123 3771 161 3830 R.
181 3771 237 3829 Par
254 3783 353 3830 aetum
376 3769 479 3828 maium
501 3769 696 3844 undequaque,
717 3768 757 3826 sio
770 3779 804 3826 at
816 3765 961 3843 nequidem

38 3852 126 3912 bouus
150 3853 188 3914 rit
209 3852 238 3910 ia
262 3853 356 3932 aliquo
381 3871 482 3930 genere
497 3851 615 3921 rimatis,
637 3849 682 3908 val
705 3848 889 3919 reatitudinis,
910 3861 953 3908 aa!
