2216 4056
184 101 244 168 110
551 121 745 166 roscrarus

75 280 82 288 ’
146 309 151 324 ,
179 267 358 328 manifestare
381 267 489 345 possit:
510 267 560 326 sed
580 279 649 326 tunc
672 267 837 328 miraculum
861 270 938 329 vices
958 269 1104 332 tradition'

180 349 333 490 suppleret.

253 432 300 490 inc
327 431 452 501 observa,
480 428 615 508 majorem
643 449 705 488 essa
732 433 927 491 necessitatem
954 435 1103 493 traditioo'

171 509 290 580 divinar,
306 511 391 588 quiam
408 513 561 591 Scripturoe
572 511 675 583 Sacrae,
691 513 755 571 clm
769 511 831 574 baec
844 515 904 574 sine
918 515 969 574 illa
1006 544 1011 567 ι
1023 545 1033 586 ;
1048 544 1052 567 .
1067 544 1072 569 ι

178 611 236 654 noo
249 595 347 672 possit.

219 674 366 754 Objiciunt
379 674 524 734 heretici:
548 675 592 733 1⁰.
612 687 707 752 potest
720 695 777 733 ona
789 677 903 736 traditio
927 677 1025 738 divina
1050 699 1103 758 cog

171 757 255 816 uosci
269 759 328 816 sine
342 757 415 816 alia:
436 775 503 834 ergo
517 756 578 814 sine
592 757 742 836 traditione
757 759 851 818 divim
863 770 957 837 potest
979 779 1106 840 coguut

178 837 323 916 Scriptura
339 839 433 897 Socra.

218 922 357 979 Probatur
377 939 489 997 conseq.
513 918 596 977 sicuti
620 919 734 978 traditio
748 933 791 980 est
813 921 938 979 Verbum
953 921 1016 981 Dei
1030 925 1103 983 tradr

168 1011 246 1068 tum,
261 1003 302 1060 sic
318 1002 461 1079 Scriptura
474 1015 518 1059 est
532 1001 658 1059 Verbum
673 1001 731 1059 Dei
745 1003 900 1081 scriptum:
921 1004 1000 1080 atqui
1020 1026 1062 1082 po
1082 1034 1104 1057 ’,μ

175 1083 302 1141 Verbum
318 1083 376 1143 Dei
391 1084 523 1141 traditum
539 1083 670 1160 cognosci
684 1083 744 1141 sine
758 1085 814 1142 alia
827 1085 978 1144 traditione
999 1087 1097 1146 divina

176 1166 343 1242 ergoetiam
357 1166 399 1223 sic
413 1164 544 1242 cognosci
566 1177 660 1242 potest
674 1165 800 1224 Verbum
814 1166 873 1225 Dei
891 1167 1045 1245 scriptum.
1098 1194 1100 1199 ·

197 1266 246 1305 arr.

165 1266 255 1388 'p‘lb
280 1327 354 1405 Neg.
383 1345 495 1404 conseq.
523 1339 552 1386 et
579 1326 747 1405 paritatem:
779 1327 926 1406 disparibus
953 1341 1007 1400 est,
1040 1349 1104 1408 que

174 1409 288 1468 traditio
302 1410 397 1468 divina
410 1410 447 1466 sit
461 1410 541 1467 testis
556 1410 643 1478 vivus,
658 1410 784 1485 adeoque
799 1411 957 1468 manifestet
971 1411 1095 1490 seipsam

164 1492 313 1568 scripture
339 1492 376 1550 sit
404 1492 484 1549 testis
511 1504 649 1560 mortuos,
677 1511 741 1568 qoae
766 1491 884 1569 proinde
908 1493 1035 1572 seipsam
1059 1515 1104 1553 no

174 1573 343 1631 manifestat.

217 1654 273 1711 Pro
287 1673 344 1729 quo
358 1653 571 1722 observandum,
593 1653 771 1712 traditionem
797 1653 919 1712 divinam
940 1655 1062 1715 conside
1080 1684 1084 1708 ;

174 1732 329 1792 secundum
343 1753 423 1792 soem
438 1735 593 1810 originem:
615 1736 693 1812 origo
707 1748 800 1794 autem
815 1735 972 1794 traditionis
996 1738 1106 1806 divine.

174 1836 211 1874 ex
224 1836 259 1874 eo
273 1828 325 1885 est,
337 1817 411 1892 qubd
422 1817 502 1874 Deos
510 1817 655 1875 veritatem
666 1817 785 1892 aliquam
796 1817 960 1876 revelaverit
973 1817 1106 1878 Ecclesia

173 1917 225 1976 per
238 1899 353 1956 modum
368 1898 536 1964 locutionis:
557 1899 663 1956 locutio
677 1911 772 1956 autem
787 1899 945 1957 manifestat
970 1900 1105 1977 seipsam¹

163 1997 230 2038 ¹non
245 1981 318 2038 enim
334 1997 405 2056 opus
419 1993 471 2048 est,
485 1992 527 2048 ut,
542 1981 654 2055 quando
668 1980 731 2055 quis
745 1979 878 2056 loquitur,
899 1981 1022 2039 ulterir‘rs
1037 1983 1104 2040 diost

162 2081 204 2120 ‹se
219 2062 314 2136 loqui:
336 2073 365 2120 et
377 2061 419 2119 sic
436 2061 562 2118 Ecclesia
576 2062 656 2119 nobis
668 2073 763 2136 potest
776 2081 931 2139 proponere
944 2079 1035 2120 unam
1059 2077 1104 2122 tra

173 2144 308 2200 ditionem
335 2143 457 2200 divinem
483 2143 542 2199 sine
564 2143 619 2200 alia
641 2141 788 2209 ulteriori;
811 2139 908 2200 verrios
934 2143 1104 2221 Scripturas

164 2223 289 2282 Sacram
304 2223 433 2281 Ecclesia
442 2223 553 2300 accipit,
569 2243 625 2280 oon
635 2242 686 2300 per
696 2225 812 2280 modum
823 2223 892 2282 virm
901 2225 981 2283 vocis
991 2238 1023 2283 et
1034 2221 1106 2284 locu

163 2306 266 2373 saionis,
281 2305 331 2362 sed
345 2325 396 2382 per
410 2306 523 2361 modom
539 2305 717 2363 instrumenti
738 2305 836 2382 scripti
859 2306 893 2362 ab
907 2304 1105 2384 hagiographa

172 2388 222 2463 qoi
237 2388 321 2444 etiam
337 2387 463 2462 ignorare
484 2399 602 2462 poterat,
624 2407 654 2444 se
668 2387 788 2444 scribere
803 2385 927 2444 Verbum
943 2388 1024 2447 Dei:
1047 2389 1104 2448 binc

172 2467 302 2527 Ecclesia
315 2487 371 2524 noo
384 2468 523 2544 potuisset
541 2468 621 2536 scire,
638 2468 811 2542 Scriptorum
832 2467 908 2526 illam
923 2489 987 2527 esse
1009 2467 1103 2529 &Det

162 2550 315 2619 dictatam,
330 2549 384 2606 nisi
399 2550 479 2606 Deos
494 2547 610 2606 ulterius
623 2569 674 2628 per
686 2549 770 2606 aliam
794 2549 994 2608 revelationem
1017 2551 1103 2610 mani)

163 2632 310 2699 «lensenses,
335 2631 507 2708 Scriptorum
531 2629 603 2689 hanc
626 2649 691 2688 esse
716 2629 813 2688 riDeo
835 2631 987 2701 dictatam:
1008 2645 1042 2692 et
1062 2634 1102 2692 illt

171 2712 289 2770 ulterior
302 2712 435 2770 revelatio
448 2724 565 2770 vocatur
578 2712 690 2770 traditio
704 2712 807 2770 divina.

213 2794 352 2853 instabis:
373 2793 451 2869 atqui
476 2793 606 2851 Ecclesia
626 2793 686 2850 sine
708 2793 858 2851 traditione
880 2791 1101 2870 parastatarum

162 2895 300 2953 'quaenam
322 2875 359 2932 sit
374 2874 518 2952 Scriptura
534 2874 563 2933 S.
578 2875 716 2933 Probatur
737 2877 953 2952 subsumptutu:
976 2875 1100 2936 Ecolenii

162 2972 215 3016 ¹est
228 2955 401 3015 infallibilis:
423 2975 498 3031 ergo,
514 2957 565 3014 &e
644 3007 653 3022 ,
1098 2989 1099 3017 t

212 3039 249 3097 R.
264 3039 338 3114 Neg.
353 3039 547 3114 subsumptam
560 3059 567 3095 :
584 3036 713 3094 Ecclesia
726 3037 839 3114 quidem
853 3037 882 3094 in
897 3036 963 3096 fidei
982 3056 1098 3127 morona

160 3139 225 3197 ·que
240 3119 449 3178 delinitionibus
464 3117 616 3176 infallibilis
631 3130 693 3185 est:
707 3119 758 3176 sed
771 3130 804 3176 ut
818 3117 941 3187 definiat,
954 3137 1014 3176 oon
1029 3140 1097 3180 essct

170 3201 255 3259 modo
269 3201 430 3278 procedere,
445 3202 494 3258 sed
505 3200 646 3259 sufficiens
656 3219 715 3258 som
727 3199 896 3258 delinitionis
906 3198 1010 3258 bahem
1022 3199 1097 3262 debd

160 3283 403 3342 tundamentum:
419 3281 479 3359 jam
505 3295 599 3339 cutem
623 3281 699 3340 aliod
713 3281 855 3340 sufficiens
879 3280 1067 3340 fundamento

169 3384 226 3440 quo
252 3364 425 3440 Scriptorum
441 3363 553 3422 Sacram
578 3361 596 3419 a
617 3381 673 3419 noo
699 3363 784 3421 Socra
798 3363 947 3432 discernat,
974 3361 1047 3422 Eccl

167 3464 225 3503 non
239 3443 331 3512 babet,
346 3443 429 3520 quam
444 3445 566 3502 divinam
581 3443 778 3502 traditionem:
798 3463 874 3520 ergo,
889 3445 941 3502 &c

210 3525 275 3602 Obj.
297 3526 336 3584 11.
358 3525 420 3583 Etsi
434 3526 535 3602 aliqum
559 3525 723 3583 traditiones
746 3526 849 3584 diriore
869 3523 1023 3594 extiterint,
1046 3525 1066 3582 il

159 3617 262 3665 tameo
275 3625 332 3664 non
352 3619 504 3682 potuerunt
529 3605 673 3682 bucusque
697 3625 775 3684 porae
799 3620 829 3665 et
850 3605 969 3684 integra
989 3625 1021 3665 se
1078 3611 1079 3614 ’

159 3687 307 3746 Probatur
320 3697 411 3744 antec.
424 3688 490 3763 quia
503 3688 580 3764 qood
593 3688 630 3746 de
644 3705 711 3746 sure
724 3689 753 3745 io
768 3707 864 3746 aorem
886 3687 995 3760 transit,
1018 3689 1046 3746 fa

158 3768 301 3826 'alteratur
323 3785 356 3824 ac
380 3768 559 3844 deperditur:
574 3769 658 3847 atqui
679 3769 793 3830 trmlitio
814 3767 857 3830 da'
871 3787 940 3832 oute
959 3770 1021 3830 lna

158 3848 281 3909 transit:
302 3867 378 3926 ergo,
392 3849 445 3908 bro.
