2216 4056
357 121 399 165 nn
420 121 587 164 moenera.
691 139 695 148 ·
724 165 735 171 ,
880 107 955 166 145·

28 265 150 326 XVIII.
173 263 331 324 Decimum
353 277 464 328 sextum
489 279 532 326 cst
547 265 751 340 Florentinum,
776 267 939 328 inchoatum

13 348 129 408 err-arira
143 367 224 406 anno
242 348 331 417 1438,
346 350 397 408 sed
411 350 448 408 ob
461 360 572 426 pestem
584 349 747 412 translatum
758 350 938 420 Florentiam,

8 429 82 504 ique
98 449 183 486 anno
213 430 291 486 1439
325 431 507 490 absolutum:
528 435 557 488 in
580 451 615 488 eo
630 431 725 492 Graeci
750 445 940 492 convenerunt

31 538 45 561 n
67 510 193 570 Latinis
208 511 245 570 dc
259 512 438 588 processione
451 512 575 589 Spiritirs
586 512 682 570 Sancti
693 512 710 572 i
721 513 804 573 Patre
814 526 844 574 at
856 513 937 584 Filio,

0 596 18 639 t·
37 591 230 669 Purgatorio,
246 593 281 650 dc
297 593 424 654 Primatn
438 593 559 652 Romani
572 594 718 654 Pontificis
732 594 761 652 in
775 595 939 654 universnm

0 675 97 743 bem,
116 675 156 732 de
173 671 364 743 Eucharistia,
389 676 463 750 qubd
486 693 587 752 azymo
610 678 693 750 aque
716 695 750 738 ac
771 677 938 736 fermentato

0 780 17 803 -1
31 775 59 812 re
73 755 261 823 conficietur,
276 767 305 814 ct
319 757 355 814 de
368 757 451 814 variis
465 756 574 814 ritibus.
617 757 839 819 Reconciliatam
855 758 937 820 Gra-

12 857 84 894 ·rum
100 857 176 896 cnm
192 834 303 894 latinis
315 857 415 914 pacem
430 837 497 914 (sed
511 857 574 912 quae
589 837 638 896 diu
649 859 706 898 non
727 837 824 916 stetit)
838 841 936 898 eubae-

8 930 52 976 uta
65 932 115 976 est
133 919 329 978 Armenornm
354 937 417 978 cum
434 919 563 978 Ecclesia
578 919 707 978 Romana
720 921 797 990 unio,
812 921 877 996 quia
901 922 936 978 ab

17 1001 125 1076 ngenio
141 999 198 1058 IV.
211 1013 379 1076 receperunt
403 1001 497 1060 literae
522 1000 634 1060 unionis
657 1002 824 1082 compendio
849 1002 937 1062 conti·

1 1095 86 1140 nentes
104 1081 271 1140 doctrinam
287 1081 471 1144 Catholicam.

37 1162 129 1220 XIX.
160 1163 316 1222 Decimum
344 1164 494 1241 septimum
523 1175 566 1222 eet
592 1163 784 1224 Laterenenaa
812 1165 848 1224 V.
879 1168 937 1224 114

17 1245 216 1322 piscopornm,
230 1243 391 1304 inchoatum
405 1265 479 1304 enno
496 1247 585 1304 1512.
606 1246 740 1304 adversis
755 1247 935 1306 Conciliabu-

1 1327 45 1384 lum
60 1327 218 1394 Pisanum,
233 1327 312 1384 etad
327 1345 417 1384 mores
441 1328 651 1388 reformandos:
674 1328 702 1386 in
728 1348 762 1386 eo
787 1328 936 1386 definitam

1 1421 38 1476 et,
53 1409 187 1468 animam
202 1407 367 1470 rationalem
382 1427 443 1466 esee
458 1407 655 1467 immortalem.

28 1489 97 1548 XX.
114 1489 274 1552 Decimum
289 1502 416 1548 octavum
432 1504 476 1548 est
488 1489 695 1560 Tridentinnm,
707 1487 868 1552 inchoatum
888 1493 934 1558 13.
997 1506 1001 1530 ¹

3 1571 165 1629 lecembris
181 1563 255 1628 anno
268 1571 354 1628 1545.
362 1584 477 1649 propter
488 1571 694 1646 contagionem,
704 1573 803 1630 urbem
816 1573 935 1632 Triden-

7 1651 40 1703 '12
54 1681 70 1704 o
92 1653 282 1728 affligentem,
297 1653 452 1712 Bononiam
464 1651 638 1722 translatum,
654 1653 755 1714 deinde
767 1653 935 1718 Tridentum

14 1747 156 1801 motum,
181 1725 297 1810 propter
323 1734 481 1811 ingruentia
508 1733 584 1792 bella
610 1733 710 1792 iterim
739 1736 935 1812 interruptum,

3 1835 108 1874 omum
137 1813 187 1872 die
209 1816 238 1872 4.
262 1815 429 1876 Decembris
456 1835 530 1874 anno
560 1816 648 1874 1563.
675 1817 835 1881 absolutum
863 1818 934 1876 fnit:

2 1897 190 1972 inscripsere
206 1896 303 1954 Patres
325 1899 394 1955 255.
417 1897 587 1957 celebratum
613 1897 667 1954 fuit
690 1896 744 1956 hoc
765 1898 933 1968 Concilium,

4 1979 155 2038 raesertim
171 1989 269 2048 contra
279 1977 512 2047 Lntberenomm,
524 1977 748 2051 Calvinistamm,
759 1979 933 2056 aliommqne

4 2059 196 2118 retioornm
211 2079 318 2120 erronee
332 2071 399 2120 tnnc
412 2071 579 2138 grassantes.

32 2222 71 2280 N.
86 2222 141 2282 89.
185 2221 244 2281 DE
262 2221 571 2288 AUTHORITATE
592 2222 898 2294 CONCILIORUM.
929 2275 934 2290 .
996 2233 998 2238 ’

1 2383 20 2440 l·
42 2384 183 2444 Coracilio
190 2385 390 2462 particularia
402 2395 472 2450 mat
482 2387 582 2467 *emori
595 2385 727 2449 obnoxie,
768 2385 807 2444 11.
827 2386 931 2448 Etiam

31 2467 270 2626 &5012an
290 2466 457 2544 opprobrio.
498 2468 554 2528 111.
576 2466 644 2533 Noc
665 2477 759 2528 tamea
780 2469 929 2574 paracollo

33 2711 95 2770 AN
110 2711 244 2772 Concil'm
258 2710 457 2773 Ecclesiastico
467 2731 561 2782 ‚errare
575 2711 716 2789 possunt?
802 2741 808 2754 ·

33 2792 57 2849 1.
77 2793 118 2851 R.
148 2791 278 2852 Concilio
300 2793 485 2870 particularia,
510 2813 560 2850 seu
584 2811 639 2852 non
667 2793 809 2868 generalia
835 2813 944 2852 errare·

1 2886 83 2948 poree,
98 2894 200 2934 omnes
213 2875 382 2938 admittunt:
403 2873 491 2940 rariris
505 2887 599 2934 tamen
614 2874 660 2932 vel
673 2874 733 2952 ipse
748 2874 881 2942 errimnt,
903 2875 927 2930 si

1 2957 155 3014 attendatur
169 2975 268 3016 corum
281 2956 442 3028 multitudo,
459 2969 487 3020 et
501 2969 599 3032 agatur
613 2957 648 3014 da
661 2955 795 3016 Conciliis
811 2955 927 3030 Episco-

2 3051 91 3108 [mmm
107 3036 341 3097 catholicorum·

38 3117 66 3176 si
81 3119 242 3178 Concilium
257 3119 432 3195 particulare,
454 3119 554 3194 inquo
577 3119 743 3178 damnentur
765 3113 895 3184 haereses,
910 3116 926 3172 ai

4 3195 112 3258 Summo
127 3199 268 3262 Pontificc
276 3202 444 3277 approbetur
457 3220 509 3276 pro
520 3212 579 3260 tota
588 3199 726 3266 Ecclesia,
738 3209 806 3254 tunc
817 3195 925 3256 obtinet

2 3275 192 3339 authoritatem
207 3281 236 3337 in
251 3281 306 3338 lide
320 3281 505 3351 infallibilem,
520 3279 663 3342 fundatam
679 3297 780 3354 nempe
795 3277 823 3334 in
837 3277 925 3354 ipsine

4 3355 139 3420 Pontificio
163 3362 378 3428 infallibilitate:
400 3376 429 3422 et
453 3363 494 3420 ita
515 3363 571 3420 dno
586 3360 712 3420 Concilia
739 3359 926 3426 Provincialia

5 3439 138 3512 Africana,
153 3439 351 3505 Mileaitannm
375 3455 403 3506 et
425 3441 644 3519 cambaginense
667 3454 762 3500 contra
778 3441 925 3516 Pelagium

5 3523 200 3586 citatorium
217 3525 345 3590 Romana
360 3525 447 3590 Sedea
471 3524 650 3601 approbarim
671 3533 754 3598 atque
776 3521 842 3580 inde
865 3543 925 3582 rem

7 3615 92 3663 tonna
105 3606 273 3682 Pelagianos
287 3606 400 3672 omnino
414 3608 570 3668 confectam
585 3625 645 3664 esse
656 3603 793 3680 judicavit
806 3601 835 3662 S.
848 3604 925 3679 Aug.

9 3679 84 3744 Seno.
101 3689 167 3746 131.
189 3688 226 3748 dc
249 3689 341 3751 verbis
356 3688 488 3766 Apostoli
509 3687 623 3746 dicens:
638 3684 767 3756 &Romi
790 3683 924 3760 resmipta

7 3767 182 3844 “reneronc,
199 3789 282 3834 cauea
299 3770 389 3838 ,finita
418 3782 471 3841 aet,
500 3768 606 3838 abnam
634 3766 784 3844 aliquando
811 3764 923 3846 finiatur

6 3847 25 3878 “
36 3849 130 3906 error.”
319 3845 323 3856 ’
667 3853 670 3860 ’

41 3927 84 3990 Dc
96 3929 237 3994 Ecclesia.
449 3949 468 3990 o
