2248 4070
162 112 223 170 352
540 129 734 173 reserares

154 273 250 334 ruodo
263 284 383 350 peceato
407 273 542 334 alterins:
563 289 662 352 peccat
687 276 772 334 etiarn
798 273 968 345 serrendo,
991 275 1108 334 etiamsi

162 355 256 412 valida
269 356 324 424 sit;
345 355 411 431 quia
424 355 482 431 agit
497 368 594 415 contra
612 357 661 434 jus
680 370 793 420 ¹naturae
818 357 935 427 dictans,
960 378 998 414 ne
1012 377 1106 413 unum

161 437 319 494 membrum
333 437 394 494 sine
408 457 492 495 cama
505 436 542 494 sit
555 439 684 496 difforme
699 438 781 496 altori
794 437 921 515 ejusdem
941 438 1106 496 communi·

163 517 257 574 tatis..

193 599 302 657 Poterit
311 609 405 657 tumen
415 597 544 656 subditus
555 601 658 677 saepiuu
668 601 804 670 excusari,
816 599 861 658 rel
871 599 935 674 quia
944 599 1019 674 petit
1030 598 1108 656 boni

162 679 219 736 fide
234 680 397 739 existimans
411 701 442 738 se
451 680 556 757 justam
572 681 674 740 habore
689 702 822 750 cansam
842 682 889 738 vel
903 680 956 737 etsi
978 682 1107 748 dubitet,

152 779 194 818 se
207 771 311 830 tamen,
326 761 490 820 strutiones
504 763 534 819 in
547 765 671 840 petendo
685 763 829 839 allegatas,
843 761 956 838 subjicit
976 761 1108 819 examini

165 853 195 900 ot
203 840 313 918 judicio
329 842 496 918 Superioris.

203 923 292 982 Notat
308 924 437 1000 Stoyaert
452 926 468 980 e
483 925 622 994 contrario
636 925 697 981 fieri
710 944 804 1001 posse,
818 935 851 980 ut
866 935 964 999 peccet
989 935 1106 999 petens,

162 1015 192 1062 et
205 1023 262 1060 non
275 1005 457 1081 dispensans;
480 1007 547 1081 quia
559 1007 619 1082 ipsa
633 1006 797 1082 improbitas
808 1004 932 1081 petentis
946 1017 975 1061 ct
990 1006 1107 1080 pericu·

160 1085 221 1142 lum
236 1105 271 1142 ne
285 1085 407 1162 rejectus
420 1083 501 1162 pejds
515 1100 588 1162 egat,
603 1100 697 1164 potest
712 1107 774 1144 erse
782 1085 862 1162 justa
881 1106 965 1144 causa
987 1087 1108 1162 dispen-

161 1167 250 1234 sandi,
265 1178 298 1223 ut
312 1167 353 1224 sic
366 1167 487 1224 evitetur
502 1168 591 1244 majus
605 1169 720 1225 malum.

203 1247 281 1310 Quid
291 1246 476 1324 judicandum
490 1250 526 1305 de
537 1250 679 1306 validitate
691 1247 906 1324 dispensationis
918 1248 980 1305 sine
991 1251 1106 1306 causa?

202 1328 241 1385 R.
255 1329 335 1386 Dum
347 1329 465 1386 inferior
485 1330 627 1406 dispensat
648 1331 676 1386 in
702 1331 765 1404 lege
790 1329 833 1386 sui
856 1330 1019 1405 ,Superioris
1042 1331 1106 1388 sine

150 1406 344 1486 jactantiose,
369 1411 539 1486 dispensatio
563 1412 611 1470 illa
624 1424 668 1468 est
689 1411 819 1477 invalida,
842 1431 878 1466 ex
900 1411 1106 1486 qualicumque

80 1563 83 1570 Ι
161 1501 302 1568 potestate
317 1492 526 1568 dispensaverit,
542 1493 600 1550 sive
614 1492 761 1560 ordinarii,
777 1492 835 1548 sive
860 1491 1008 1566 delegas:
1030 1494 1106 1549 ratio

84 1609 93 1616 -
162 1584 216 1640 est,
237 1573 303 1648 quia
318 1573 451 1649 Superior
473 1593 529 1629 non
543 1585 673 1631 censetur
694 1565 818 1630 inferiori
834 1574 990 1630 concedere
1006 1588 1105 1648 potes-

162 1663 251 1711 tatem
279 1654 457 1730 dispensandi
487 1655 549 1712 sine
576 1674 668 1724 causa,
693 1651 759 1712 crim
787 1653 864 1710 illam
892 1654 953 1710 sine
981 1667 1106 1731 peccato

163 1735 319 1792 concedere
332 1755 390 1792 non
409 1735 508 1811 possit.

206 1809 284 1874 Hinc
298 1817 432 1892 sequitur,
445 1816 617 1892 Episcopum
631 1816 693 1874 sine
702 1816 780 1893 justa
794 1835 878 1874 musa
888 1816 1105 1892 dispensantem

163 1894 194 1952 in
216 1896 326 1972 legibus
351 1897 490 1954 Ecclesiae
513 1909 561 1954 aut
590 1898 743 1966 Pontificis,
772 1898 893 1954 invalide
918 1899 1106 1973 dispensare:

163 1977 293 2035 similiter
307 1979 474 2036 Pontificem
485 1979 608 2037 invalide
620 1979 780 2056 dispensare
792 1980 820 2035 in
831 1980 904 2036 votis
915 1991 943 2036 et
953 1981 1107 2055 juramen·

162 2057 209 2128 tis,
224 2059 363 2117 dum‘non
376 2060 456 2118 adest
465 2059 543 2136 justa
557 2080 649 2118 causa.
751 2056 754 2062 ’

151 2192 159 2204 ,
204 2143 254 2198 20.
269 2141 404 2217 Superior
414 2139 590 2198 verisimilitis
600 2143 743 2218 dispensat
752 2141 853 2210 valide,
864 2143 990 2216 quamvis
1000 2142 1107 2200 illicite

162 2221 194 2280 iu
213 2221 276 2296 lege
300 2226 359 2290 sum
381 2222 596 2298 praedecessoris
610 2238 639 2280 et
663 2223 801 2280 inferioris
822 2223 882 2280 sine
902 2222 981 2298 justa
1006 2244 1107 2292 causa,

162 2303 230 2362 dum
244 2303 470 2360 insufficientiam
485 2323 577 2361 causae
591 2303 685 2372 novit;
707 2305 772 2379 quia
796 2303 842 2360 lex
864 2325 920 2360 non
943 2305 1061 2362 tantum
1078 2306 1108 2362 in

161 2383 232 2452 fieri,
247 2385 296 2442 sed
311 2385 394 2442 etiam
410 2385 439 2442 in
453 2385 610 2443 conservari
624 2386 766 2461 dependet
780 2383 797 2442 i
813 2385 955 2442 voluntate
970 2385 1108 2461 Legisla-

161 2464 250 2522 toris:
271 2485 350 2541 ergo,
363 2466 436 2524 sicut
450 2486 511 2523 eam
528 2467 588 2522 sine
613 2487 697 2524 causa
721 2467 812 2524 valide
834 2479 928 2542 potest
952 2468 1105 2542 abrogare,

151 2545 299 2603 diacrisim
315 2547 407 2604 valide
420 2548 523 2623 poterit
537 2547 659 2622 aliquem
675 2546 774 2623 ilegis
796 2547 908 2604 vinculo
931 2548 992 2604 sine
1014 2569 1107 2605 causa

152 2625 304 2684 eximere:
325 2629 366 2686 sio
381 2629 459 2704 Papa
471 2629 564 2686 valide
586 2629 647 2686 sine
664 2629 743 2704 justa
765 2649 848 2686 causa
871 2630 1053 2706 ‹lispensaret
1077 2631 1107 2686 in

162 2706 271 2782 legibus
287 2707 304 2766 it
318 2729 348 2766 se
362 2710 407 2766 vel
422 2709 438 2766 ia
454 2709 711 2767 Praedecessoribus
726 2714 784 2766 suis
799 2710 872 2767 latis.

204 2789 306 2852 Quoad
320 2809 415 2866 poenas
438 2791 529 2865 magis
553 2803 660 2848 certum
683 2800 735 2859 est,
761 2812 788 2848 v.
802 2812 829 2866 g.
855 2791 1022 2848 Pontificem
1040 2793 1107 2850 sine

156 2868 236 2947 justa
250 2891 334 2929 causa
348 2871 439 2929 valide
462 2872 607 2930 absolvere
632 2871 649 2928 ὲ
664 2873 806 2941 Censoris,
832 2873 1105 2948 irregularitatibns,

163 2953 216 3010 &o
259 2957 262 2962 '

150 3067 154 3077 ·
203 3032 271 3111 Obj.
299 3034 324 3092 I.
352 3033 414 3094 Lex
430 3035 499 3092 alate
526 3035 586 3092 sine
615 3054 699 3092 causa
725 3035 854 3093 rationali
882 3047 910 3092 et
937 3035 1001 3091 utili
1024 3035 1106 3092 bono

163 3116 306 3174 communi
321 3129 363 3174 est
377 3117 469 3174 nulla:
491 3121 558 3192 eigo
574 3117 745 3193 dispensatio
759 3117 819 3174 sine
834 3135 918 3174 causa
938 3117 1105 3173 rationabili

150 3210 192 3254 «ct
207 3197 270 3254 utili
285 3199 368 3254 etiarn
384 3199 461 3255 nulla
475 3209 527 3255 est.

151 3315 155 3322 ·
205 3278 244 3336 R.
255 3279 449 3358 Negqoonseq.
465 3275 623 3354 Disperitas
637 3290 689 3345 est,
702 3280 778 3354 quod
789 3279 881 3336 valida
894 3277 964 3352 legis
975 3278 1105 3336 cessatio

161 3379 219 3417 non
232 3361 355 3434 requirat
365 3360 515 3417 utilitatem
526 3360 592 3416 boni
604 3361 770 3427 crnnmunis,
781 3361 854 3417 sicut
865 3359 1007 3416 institutio
1019 3359 1105 3434 legis,

161 3441 197 3498 ad
212 3460 294 3514 quam
309 3442 465 3498 necessaria
479 3453 522 3497 est
537 3441 665 3498 voluutas
676 3441 859 3517 Legisletoris
872 3455 901 3498 et
913 3441 1022 3498 utilitas
1035 3442 1104 3500 boni

162 3521 336 3587 communis;
357 3541 475 3596 quorum
490 3541 576 3577 unum
591 3522 616 3578 si
629 3523 750 3590 deficiat,
772 3523 818 3579 lex
834 3533 933 3578 cessat.

203 3598 270 3674 obj.
284 3600 325 3657 11.
341 3602 470 3658 Potestas
485 3603 663 3677 dispensandi
677 3623 734 3660 non
748 3617 791 3661 est
811 3604 877 3660 data
895 3604 923 3659 in
946 3603 1106 3661 destrueti-

150 3699 255 3747 onem,
267 3681 319 3736 sed
339 3681 368 3737 in
391 3683 625 3739 aedificationem:
646 3703 713 3758 ergo
735 3705 790 3740 non
813 3697 907 3760 potest
931 3683 992 3738 sine
1016 3705 1106 3742 causa

162 3762 341 3836 dispensare3
361 3762 426 3834 qnia
453 3763 495 3820 sic
523 3763 685 3838 dispensans
713 3766 802 3824 utitur
825 3767 875 3824 suri
898 3777 1043 3845 potestate
1066 3768 1106 3828 tul

162 3839 390 3900 destructionem.

240 3924 313 3968 A

239 4035 344 4052 —l
