2248 4070
161 99 222 172 800
537 114 728 160 reserares

202 262 240 322 ll.
255 260 376 355 Eulogo
390 271 543 320 eternaot
558 261 660 333 diviua,
684 279 750 342 que
773 259 880 324 dictam
899 262 1106 324 obediendum

160 363 223 404 asse
236 341 365 420 legibus
352 341 446 420 justis.

202 425 328 484 luteres.
349 444 416 502 ergo
439 424 482 484 ris
505 423 647 503 obligandi
671 425 759 484 oritur
778 445 815 486 cx
828 426 887 486 sola
906 424 971 506 lege
987 425 1105 494 divina,

161 526 217 567 aon
228 525 267 566 ex
281 505 411 564 bumana.

203 587 241 646 lt.
265 586 338 663 Ncg
364 587 523 664 sequelam.
543 607 607 646 nam
632 587 674 646 vis
698 587 870 665 obligandi'
862 607 892 647 ιι
919 586 1107 650 couscientia

161 669 269 738 remote
283 669 395 744 quidem
409 669 498 726 oritur
510 689 547 727 ex
560 669 623 745 lege
637 680 742 728 eterna
751 669 896 740 et'divina,
906 682 1049 747 tanquam
1068 688 1115 746 ex¹

161 769 246 810 censa
259 751 363 828 prima:
384 751 434 808 sed
448 753 512 808 vere
526 750 610 808 etiam
624 751 713 808 oritur
736 771 772 810 ex
792 749 855 828 lege
877 751 1009 823 humana,
1037 763 1106 809 tan·

162 851 246 908 quam
260 829 277 888 b
290 851 373 890 eausa
387 831 546 908 particulari
559 844 589 890 et
601 831 737 909 proxima.

204 911 270 990 Obj.
286 913 309 972 l.
322 913 417 974 Judex
431 913 545 972 inferior
558 932 614 970 non
627 925 721 990 potest
734 913 867 973 inducero
891 914 1107 992 obligationem

153 994 191 1068 ,in
206 995 267 1052 foro
275 992 380 1070 judicis
393 995 562 1090 superioris·
576 1013 643 1072 ergo
656 1007 780 1072 potestas
793 995 915 1056 bumana
926 1016 985 1054 non
998 1007 1107 1075 potest

163 1075 304 1152 obligare
296 1096 324 1133 ιι
339 1076 518 1134 conscientia.

205 1157 244 1216 R.
266 1157 372 1216 Verum
395 1157 509 1233 quidem
531 1168 583 1226 est,
603 1155 728 1233 judicem
752 1156 912 1216 inferiorern
933 1177 991 1216 non
1008 1177 1106 1238 posse

162 1238 295 1298 iuducere
308 1237 528 1314 obligationem
520 1259 549 1296 ιι
563 1239 623 1296 foto
636 1238 747 1298 Judicis
757 1239 916 1316 superioris,
930 1252 1040 1317 preater
1052 1253 1107 1298 aut

163 1332 261 1378 contra
273 1320 445 1378 voluntatem
458 1320 627 1397 superioris:
648 1332 692 1378 ast
705 1320 774 1378 nihil
792 1320 920 1416 impedit,
942 1321 1106 1398 quominus

163 1420 226 1463 eam
239 1401 354 1459 inducat
374 1403 527 1462 meandum
553 1401 725 1460 voluntatem
747 1401 897 1480 superioris
921 1414 950 1460 et
963 1403 1104 1461 ordinem

163 1483 199 1540 ab
212 1502 248 1542 co
261 1483 461 1542 constitutum:
477 1482 537 1560 jem
550 1496 654 1551 autam,
669 1481 715 1540 bic
728 1495 772 1542 est
786 1484 855 1541 ordo
868 1483 886 1542 b
899 1483 965 1542 Deo
980 1485 1106 1544 ‘consti-

163 1575 250 1633 ιιιιιιι,
266 1575 297 1621 ιι
310 1564 358 1639 qui
372 1564 429 1642 legi
441 1565 553 1634 resistit,
568 1563 626 1622 Dei
649 1563 816 1622 ordinationi
839 1565 959 1635 resistat,
983 1567 1105 1642 cibique

164 1645 370 1716 damnationem
384 1646 518 1720 acquirat.
560 1647 610 1704 Ad
625 1645 709 1704 Rom.
722 1665 783 1723 cap.
802 1647 847 1705 13.
861 1646 897 1704 V.
911 1649 939 1704 2.

205 1727 254 1784 An
268 1725 344 1802 leges
358 1724 561 1795 hereticorum,
575 1727 624 1803 qui
637 1739 736 1803 putant
749 1747 780 1794 se
794 1747 850 1785 non
863 1747 946 1805 posse
967 1727 1105 1805 obligare

164 1808 193 1866 in
207 1807 386 1873 conscientie,
401 1805 525 1884 obligant
538 1809 567 1866 in
581 1807 774 1866 conscientia?

205 1887 246 1950 ll.
269 1889 306 1959 R.
331 1889 517 1958 Affirmative,
540 1890 627 1950 modd
648 1889 725 1965 leges
745 1890 801 1948 sint
819 1887 925 1967 justae:
945 1888 1020 1949 rittio
1047 1902 1104 1959 est,

164 1969 230 2046 ¹quin
243 1969 375 2047 obligatio
395 1969 522 2046 sequitur
543 1970 663 2029 naturali
687 1971 859 2030 connexione
883 1991 917 2030 ao
940 1971 1012 2049 ipso,
1042 1991 1104 2047 quo

162 2054 288 2111 condunt
303 2071 380 2110 veras
394 2051 480 2128 leges.
522 2051 611 2127 Atqui
625 2050 750 2110 baeretici
761 2053 803 2110 illi
813 2053 962 2110 intendunt
971 2053 1116 2112 condere

161 2153 241 2192 veras
265 2134 350 2210 leges,
375 2144 405 2192 et
428 2133 587 2203 efficaciter,
611 2133 745 2209 quantum
769 2146 894 2212 possunt,
918 2135 1116 2212 praeciperer

161 2234 238 2292 ergo,
253 2215 305 2272 &a
1115 2217 1116 2228 ¹

53 2363 60 2370 ,
140 2313 143 2321 “
201 2295 339 2354 Probatur
357 2294 470 2372 insuper
492 2297 535 2354 cir*
549 2293 620 2352 locis
645 2294 737 2354 secra
761 2294 911 2373 Scripturas
932 2314 1019 2373 supra
1044 2297 1098 2354 ed-

160 2376 261 2446 ductis‚
270 2376 299 2434 in
313 2377 413 2452 quibus
427 2376 587 2452 praecipitur
596 2376 754 2436 obedientia
763 2389 876 2454 propter
886 2377 1098 2436 conscientiam

160 2457 268 2533 legibus
286 2458 455 2534 Principum
481 2458 565 2514 etiam
595 2456 789 2528 Etbnicorum,
817 2459 922 2534 quide
946 2459 1097 2517 oneranda

159 2539 332 2596 subditorum
347 2538 518 2597 conscientia
530 2558 586 2596 non
601 2540 744 2596 curabant.

199 2619 266 2698 Obj.
280 2621 320 2678 ΙΙ.
346 2620 483 2678 Haeretici
503 2639 560 2698 non
583 2619 682 2678 volunt
704 2619 828 2697 obligare
846 2619 883 2678 in
896 2619 1095 2679 conscientia:

158 2721 225 2778 ergo
239 2721 295 2760 ιιι
308 2701 442 2777 obligant.

95 2783 98 2796 '
169 2819 170 2824 ι
199 2783 237 2844 Β.
251 2783 327 2842 Dist.
340 2782 527 2840 antecedens:
550 2801 606 2838 non
619 2781 718 2840 volunt
731 2781 854 2860 obligare
868 2783 897 2840 in
915 2782 1097 2852 conscientie

158 2883 300 2924 exerrare
324 2863 449 2922 vincibili
473 2881 502 2922 et
525 2863 714 2934 inefficaciter,
737 2884 816 2922 conc.
840 2878 896 2922 ant.
917 2883 973 2921 non
989 2864 1095 2922 volunt

157 2946 294 3024 implicite
316 2957 346 3004 et
369 2945 527 3012 efficaciter,
549 2964 622 3020 nego
643 2957 734 3004 antec.
755 2946 854 3004 volunt
874 2946 948 3004 enim
963 2965 1094 3012 causam,

157 3047 226 3104 ergo
238 3027 322 3085 ctiam
344 3026 476 3084 effectum
499 3025 614 3084 volunt·
634 3027 736 3086 deinde
756 3027 825 3086 licet
846 3028 923 3104 le'ges
947 3027 1005 3086 itte
1031 3047 1094 3084 non

157 3109 312 3186 obligarent
325 3127 361 3166 ex
375 3107 528 3165 intentione
543 3107 733 3183 Legislatoris,
756 3108 913 3203 obligarent
934 3121 1031 3167 tamen
1055 3129 1093 3167 ex

157 3189 311 3248 intentione
325 3189 383 3246 Dei
396 3188 582 3265 precipientis
595 3189 730 3246 custodiri
743 3189 842 3271 leges
830 3203 931 3285 justas.

198 3269 281 3358 obj.
278 3270 333 3328 ΙΙΙ.
348 3269 521 3342 Obligatio'
514 3289 542 3326 ιι
567 3271 682 3344 materia
704 3271 775 3346 legis
796 3273 923 3348 positivae
943 3271 1092 3348 dependet

155 3335 330 3410 &voluntate
344 3350 544 3427 Legielatoris·
566 3371 633 3428 ergo
655 3351 679 3409 si
702 3352 773 3410 nolit
794 3351 886 3430 legem
908 3352 1069 3430 obligare
1060 3373 1090 3410 ιι

156 3432 334 3500 couscientia,
346 3449 403 3490 non
418 3432 560 3509 obligabit.

173 3513 235 3572 „R
256 3512 465 3588 Distinguendo
478 3515 663 3572 antecedens.
685 3512 818 3590 obligatio
831 3516 936 3591 pendet
950 3511 968 3574 d
986 3515 1090 3572 volun

156 3596 214 3652 tate
227 3591 418 3667 legislatoris,
432 3595 573 3670 quatenus
585 3607 679 3671 potest
693 3595 813 3655 condere
828 3596 871 3654 vel
885 3617 941 3654 non
962 3596 1089 3654 condere

155 3673 258 3749 legem,
272 3692 350 3732 conc.
363 3687 453 3734 anteo.
465 3675 612 3750 quatemls,
623 3695 648 3734 st
639 3675 764 3736 condat
774 3697 866 3736 veram
881 3678 981 3755 legem,
990 3689 1089 3754 potest

71 3765 137 3810 ι
156 3772 212 3811 ιιι
226 3753 358 3831 obligare,
373 3775 444 3833 nego
458 3757 635 3852 antecedens.
