<?xml version="1.0" encoding="UTF-8"?>
<!DOCTYPE html PUBLIC "-//W3C//DTD XHTML 1.0 Transitional//EN"
    "http://www.w3.org/TR/xhtml1/DTD/xhtml1-transitional.dtd">
<html xmlns="http://www.w3.org/1999/xhtml" xml:lang="en" lang="en">
 <head>
  <title>
</title>
<meta http-equiv="Content-Type" content="text/html;charset=utf-8" />
  <meta name='ocr-system' content='tesseract 3.04.00' />
  <meta name='ocr-capabilities' content='ocr_page ocr_carea ocr_par ocr_line ocrx_word'/>
</head>
<body>
  <div class='ocr_page' id='page_1' title='image "./theologiamorali03densgoog_0113.png"; bbox 0 0 2216 4056; ppageno 0'>
   <div class='ocr_carea' id='block_1_1' title="bbox 179 209 747 290">
    <p class='ocr_par' dir='ltr' id='par_1_1' title="bbox 179 209 747 290">
     <span class='ocr_line' id='line_1_1' title="bbox 179 209 747 290; baseline -0.004 -20"><span class='ocrx_word' id='word_1_1' title='bbox 179 209 237 274; x_wconf 71' lang='lat'><strong>104</strong></span> <span class='ocrx_word' id='word_1_2' title='bbox 464 277 469 290; x_wconf 38' lang='lat'>⁸</span> <span class='ocrx_word' id='word_1_3' title='bbox 546 225 747 272; x_wconf 72' lang='lat' dir='ltr'><strong>reseratos.</strong></span> 
     </span>
    </p>
   </div>
   <div class='ocr_carea' id='block_1_2' title="bbox 79 370 1103 4040">
    <p class='ocr_par' dir='ltr' id='par_1_2' title="bbox 174 370 1096 758">
     <span class='ocr_line' id='line_1_2' title="bbox 174 370 1012 452; baseline 0.002 -22"><span class='ocrx_word' id='word_1_4' title='bbox 174 371 242 432; x_wconf 75' lang='lat' dir='ltr'><strong>sith</strong></span> <span class='ocrx_word' id='word_1_5' title='bbox 257 373 344 435; x_wconf 85' lang='lat' dir='ltr'><strong>Cone.</strong></span> <span class='ocrx_word' id='word_1_6' title='bbox 367 373 448 432; x_wconf 87' lang='lat' dir='ltr'><strong>Trid</strong></span> <span class='ocrx_word' id='word_1_7' title='bbox 463 371 537 434; x_wconf 87' lang='lat' dir='ltr'><strong>Sess.</strong></span> <span class='ocrx_word' id='word_1_8' title='bbox 559 376 608 432; x_wconf 91' lang='grc'><strong>22.</strong></span> <span class='ocrx_word' id='word_1_9' title='bbox 632 393 693 452; x_wconf 87' lang='lat' dir='ltr'><strong>cap.</strong></span> <span class='ocrx_word' id='word_1_10' title='bbox 716 375 744 444; x_wconf 85' lang='lat'><strong>8,</strong></span> <span class='ocrx_word' id='word_1_11' title='bbox 768 370 818 431; x_wconf 85' lang='lat' dir='ltr'><strong>ubi</strong></span> <span class='ocrx_word' id='word_1_12' title='bbox 831 373 955 447; x_wconf 83' lang='lat' dir='ltr'><strong>mandat,</strong></span> <span class='ocrx_word' id='word_1_13' title='bbox 978 386 1012 434; x_wconf 90' lang='lat' dir='ltr'><strong>ut</strong></span> 
     </span>
     <span class='ocr_line' id='line_1_3' title="bbox 175 455 1045 532; baseline 0 -18"><span class='ocrx_word' id='word_1_14' title='bbox 175 455 296 531; x_wconf 82' lang='lat' dir='ltr'><strong>Eloquia</strong></span> <span class='ocrx_word' id='word_1_15' title='bbox 306 457 482 532; x_wconf 81' lang='lat' dir='ltr'><strong>frequenter</strong></span> <span class='ocrx_word' id='word_1_16' title='bbox 474 469 548 514; x_wconf 85' lang='lat' dir='ltr'><strong>tuter</strong></span> <span class='ocrx_word' id='word_1_17' title='bbox 556 456 710 514; x_wconf 73' lang='lat' dir='ltr'>Missurum</span> <span class='ocrx_word' id='word_1_18' title='bbox 720 455 872 526; x_wconf 79' lang='lat' dir='ltr'><strong>Solemnis,</strong></span> <span class='ocrx_word' id='word_1_19' title='bbox 883 457 929 515; x_wconf 78' lang='lat' dir='ltr'><strong>vel</strong></span> <span class='ocrx_word' id='word_1_20' title='bbox 939 455 1045 515; x_wconf 84' lang='lat' dir='ltr'><strong>Divino</strong></span> 
     </span>
     <span class='ocr_line' id='line_1_4' title="bbox 175 535 1096 618; baseline 0 -24"><span class='ocrx_word' id='word_1_21' title='bbox 175 537 341 596; x_wconf 88' lang='lat' dir='ltr'><strong>Officiorum</strong></span> <span class='ocrx_word' id='word_1_22' title='bbox 369 538 585 596; x_wconf 81' lang='lat' dir='ltr'>celebrationem</span> <span class='ocrx_word' id='word_1_23' title='bbox 613 535 763 597; x_wconf 73' lang='lat' dir='ltr'><strong>vernaculi</strong></span> <span class='ocrx_word' id='word_1_24' title='bbox 790 537 886 614; x_wconf 73' lang='lat' dir='ltr'><strong>lingui</strong></span> <span class='ocrx_word' id='word_1_25' title='bbox 913 538 1096 618; x_wconf 84' lang='lat' dir='ltr'><strong>explaneutur</strong></span> 
     </span>
     <span class='ocr_line' id='line_1_5' title="bbox 174 617 1092 698; baseline 0 -22"><span class='ocrx_word' id='word_1_26' title='bbox 174 617 259 678; x_wconf 86' lang='lat' dir='ltr'><strong>Hauc</strong></span> <span class='ocrx_word' id='word_1_27' title='bbox 275 619 364 698; x_wconf 80' lang='lat' dir='ltr'>Sylvii</span> <span class='ocrx_word' id='word_1_28' title='bbox 378 619 577 678; x_wconf 73' lang='lat' dir='ltr'><strong>resolutionem</strong></span> <span class='ocrx_word' id='word_1_29' title='bbox 590 621 690 698; x_wconf 86' lang='lat' dir='ltr'><strong>probet</strong></span> <span class='ocrx_word' id='word_1_30' title='bbox 704 633 733 678; x_wconf 89' lang='lat' dir='ltr'><strong>et</strong></span> <span class='ocrx_word' id='word_1_31' title='bbox 747 619 893 678; x_wconf 87' lang='lat' dir='ltr'><strong>confirmat</strong></span> <span class='ocrx_word' id='word_1_32' title='bbox 902 639 972 678; x_wconf 88' lang='lat' dir='ltr'><strong>usus</strong></span> <span class='ocrx_word' id='word_1_33' title='bbox 983 637 1092 678; x_wconf 88' lang='lat' dir='ltr'><strong>commu</strong></span> 
     </span>
     <span class='ocr_line' id='line_1_6' title="bbox 174 700 228 758; baseline -0.045 0"><span class='ocrx_word' id='word_1_34' title='bbox 174 700 228 758; x_wconf 87' lang='lat' dir='ltr'><strong>nis.</strong></span> 
     </span>
    </p>

    <p class='ocr_par' dir='ltr' id='par_1_3' title="bbox 135 781 1095 1005">
     <span class='ocr_line' id='line_1_7' title="bbox 135 781 1095 859; baseline -0.002 -19"><span class='ocrx_word' id='word_1_35' title='bbox 135 789 139 800; x_wconf 95' lang='lat'><em>&#39;</em></span> <span class='ocrx_word' id='word_1_36' title='bbox 214 782 306 840; x_wconf 90' lang='lat' dir='ltr'><strong>Addit</strong></span> <span class='ocrx_word' id='word_1_37' title='bbox 318 794 413 840; x_wconf 84' lang='lat' dir='ltr'><strong>tamea</strong></span> <span class='ocrx_word' id='word_1_38' title='bbox 427 800 482 839; x_wconf 90' lang='lat' dir='ltr'><strong>uon</strong></span> <span class='ocrx_word' id='word_1_39' title='bbox 497 781 642 858; x_wconf 75' lang='lat' dir='ltr'><strong>aequaliter</strong></span> <span class='ocrx_word' id='word_1_40' title='bbox 655 793 783 841; x_wconf 76' lang='lat' dir='ltr'><strong>constare</strong></span> <span class='ocrx_word' id='word_1_41' title='bbox 793 782 830 840; x_wconf 90' lang='lat' dir='ltr'><strong>de</strong></span> <span class='ocrx_word' id='word_1_42' title='bbox 841 782 1050 853; x_wconf 84' lang='lat' dir='ltr'><strong>Sacerdotibus,</strong></span> <span class='ocrx_word' id='word_1_43' title='bbox 1061 801 1095 859; x_wconf 89' lang='lat' dir='ltr'><strong>qu</strong></span> 
     </span>
     <span class='ocr_line' id='line_1_8' title="bbox 173 862 1093 944; baseline 0.001 -23"><span class='ocrx_word' id='word_1_44' title='bbox 173 865 311 941; x_wconf 82' lang='lat' dir='ltr'><strong>nequead</strong></span> <span class='ocrx_word' id='word_1_45' title='bbox 326 862 444 922; x_wconf 87' lang='lat' dir='ltr'><strong>Perochi</strong></span> <span class='ocrx_word' id='word_1_46' title='bbox 457 865 596 939; x_wconf 85' lang='lat' dir='ltr'><strong>nequead</strong></span> <span class='ocrx_word' id='word_1_47' title='bbox 611 865 823 924; x_wconf 84' lang='lat' dir='ltr'><strong>Couciouctoris</strong></span> <span class='ocrx_word' id='word_1_48' title='bbox 837 883 939 922; x_wconf 89' lang='lat' dir='ltr'><strong>munus</strong></span> <span class='ocrx_word' id='word_1_49' title='bbox 950 883 1093 944; x_wconf 77' lang='lat' dir='ltr'><strong>praepumu</strong></span> 
     </span>
     <span class='ocr_line' id='line_1_9' title="bbox 172 945 978 1012; baseline 0.001 -10"><span class='ocrx_word' id='word_1_50' title='bbox 172 957 227 1012; x_wconf 89' lang='lat' dir='ltr'><strong>tur,</strong></span> <span class='ocrx_word' id='word_1_51' title='bbox 243 957 272 1003; x_wconf 89' lang='lat' dir='ltr'><strong>et</strong></span> <span class='ocrx_word' id='word_1_52' title='bbox 286 947 376 1004; x_wconf 78' lang='lat' dir='ltr'><strong>multi)</strong></span> <span class='ocrx_word' id='word_1_53' title='bbox 389 947 484 1005; x_wconf 84' lang='lat' dir='ltr'><strong>miuds</strong></span> <span class='ocrx_word' id='word_1_54' title='bbox 498 947 533 1003; x_wconf 90' lang='lat' dir='ltr'><strong>de</strong></span> <span class='ocrx_word' id='word_1_55' title='bbox 547 945 642 1005; x_wconf 79' lang='lat' dir='ltr'>Laicis</span> <span class='ocrx_word' id='word_1_56' title='bbox 651 946 784 1004; x_wconf 87' lang='lat' dir='ltr'><strong>Latinum</strong></span> <span class='ocrx_word' id='word_1_57' title='bbox 799 945 978 1005; x_wconf 82' lang='lat' dir='ltr'><strong>callentibus.</strong></span> 
     </span>
    </p>

    <p class='ocr_par' dir='ltr' id='par_1_4' title="bbox 121 1025 1096 2164">
     <span class='ocr_line' id='line_1_10' title="bbox 213 1025 1081 1105; baseline 0 -21"><span class='ocrx_word' id='word_1_58' title='bbox 213 1025 281 1084; x_wconf 90' lang='lat' dir='ltr'><strong>Vll.</strong></span> <span class='ocrx_word' id='word_1_59' title='bbox 287 1026 647 1104; x_wconf 83' lang='lat' dir='ltr'><strong>ObjiciuntQuesuellistae:</strong></span> <span class='ocrx_word' id='word_1_60' title='bbox 655 1025 1038 1124; x_wconf 80' lang='lat' dir='ltr'><strong>illaprohibitioestinjneta·</strong></span> <span class='ocrx_word' id='word_1_61' title='bbox 1046 1047 1081 1105; x_wconf 92' lang='lat' dir='ltr'><strong>qu</strong></span> 
     </span>
     <span class='ocr_line' id='line_1_11' title="bbox 172 1109 1049 1186; baseline 0.006 -22"><span class='ocrx_word' id='word_1_62' title='bbox 172 1125 217 1166; x_wconf 84' lang='lat' dir='ltr'><strong>res</strong></span> <span class='ocrx_word' id='word_1_63' title='bbox 231 1127 325 1186; x_wconf 90' lang='lat' dir='ltr'><strong>perse</strong></span> <span class='ocrx_word' id='word_1_64' title='bbox 341 1110 412 1166; x_wconf 88' lang='lat' dir='ltr'><strong>bona</strong></span> <span class='ocrx_word' id='word_1_65' title='bbox 422 1121 451 1166; x_wconf 91' lang='lat' dir='ltr'><strong>et</strong></span> <span class='ocrx_word' id='word_1_66' title='bbox 464 1109 542 1166; x_wconf 83' lang='lat' dir='ltr'><strong>utilis</strong></span> <span class='ocrx_word' id='word_1_67' title='bbox 553 1129 609 1166; x_wconf 90' lang='lat' dir='ltr'><strong>nou</strong></span> <span class='ocrx_word' id='word_1_68' title='bbox 624 1124 667 1167; x_wconf 88' lang='lat' dir='ltr'><strong>est</strong></span> <span class='ocrx_word' id='word_1_69' title='bbox 677 1109 793 1167; x_wconf 87' lang='lat' dir='ltr'><strong>materia</strong></span> <span class='ocrx_word' id='word_1_70' title='bbox 803 1109 1019 1186; x_wconf 81' lang='lat' dir='ltr'><strong>prohibitionis,</strong></span> <span class='ocrx_word' id='word_1_71' title='bbox 1033 1130 1049 1168; x_wconf 85' lang='lat' dir='ltr'><strong>a</strong></span> 
     </span>
     <span class='ocr_line' id='line_1_12' title="bbox 174 1179 1095 1267; baseline 0 -19"><span class='ocrx_word' id='word_1_72' title='bbox 174 1189 318 1266; x_wconf 79' lang='lat' dir='ltr'><strong>Scriptura</strong></span> <span class='ocrx_word' id='word_1_73' title='bbox 332 1190 417 1248; x_wconf 82' lang='lat' dir='ltr'><strong>Sacra</strong></span> <span class='ocrx_word' id='word_1_74' title='bbox 430 1203 473 1248; x_wconf 83' lang='lat' dir='ltr'><strong>est</strong></span> <span class='ocrx_word' id='word_1_75' title='bbox 486 1179 531 1248; x_wconf 81' lang='lat' dir='ltr'><strong>r&#39;es</strong></span> <span class='ocrx_word' id='word_1_76' title='bbox 545 1211 596 1267; x_wconf 90' lang='lat' dir='ltr'><strong>per</strong></span> <span class='ocrx_word' id='word_1_77' title='bbox 609 1211 640 1248; x_wconf 89' lang='lat' dir='ltr'><strong>se</strong></span> <span class='ocrx_word' id='word_1_78' title='bbox 653 1192 726 1248; x_wconf 90' lang='lat' dir='ltr'><strong>bona</strong></span> <span class='ocrx_word' id='word_1_79' title='bbox 747 1203 776 1248; x_wconf 89' lang='lat' dir='ltr'><strong>et</strong></span> <span class='ocrx_word' id='word_1_80' title='bbox 788 1190 867 1248; x_wconf 87' lang='lat' dir='ltr'><strong>utilis</strong></span> <span class='ocrx_word' id='word_1_81' title='bbox 881 1191 917 1248; x_wconf 87' lang='lat' dir='ltr'><strong>ad</strong></span> <span class='ocrx_word' id='word_1_82' title='bbox 936 1192 1095 1250; x_wconf 85' lang='lat' dir='ltr'><strong>docendum</strong></span> 
     </span>
     <span class='ocr_line' id='line_1_13' title="bbox 171 1270 1095 1350; baseline 0 -20"><span class='ocrx_word' id='word_1_83' title='bbox 171 1273 353 1348; x_wconf 82' lang='lat' dir='ltr'><strong>arguendum,</strong></span> <span class='ocrx_word' id='word_1_84' title='bbox 377 1273 430 1331; x_wconf 73' lang='lat' dir='ltr'><strong>duc.</strong></span> <span class='ocrx_word' id='word_1_85' title='bbox 450 1283 484 1330; x_wconf 88' lang='lat' dir='ltr'><strong>nt</strong></span> <span class='ocrx_word' id='word_1_86' title='bbox 506 1273 609 1332; x_wconf 87' lang='lat' dir='ltr'><strong>dicitur</strong></span> <span class='ocrx_word' id='word_1_87' title='bbox 634 1273 662 1330; x_wconf 98' lang='grc'><strong>2.</strong></span> <span class='ocrx_word' id='word_1_88' title='bbox 684 1273 720 1332; x_wconf 91' lang='grc' dir='ltr'><strong>ιιι</strong></span> <span class='ocrx_word' id='word_1_89' title='bbox 743 1270 868 1330; x_wconf 87' lang='lat' dir='ltr'><strong>Timotb.</strong></span> <span class='ocrx_word' id='word_1_90' title='bbox 892 1288 955 1350; x_wconf 80' lang='lat' dir='ltr'><strong>cap.</strong></span> <span class='ocrx_word' id='word_1_91' title='bbox 979 1275 1009 1330; x_wconf 75' lang='grc' dir='ltr'><strong>8ι</strong></span> <span class='ocrx_word' id='word_1_92' title='bbox 1032 1293 1095 1350; x_wconf 80' lang='lat' dir='ltr'><strong>ergo</strong></span> 
     </span>
     <span class='ocr_line' id='line_1_14' title="bbox 121 1433 1052 1514; baseline 0.001 -22"><span class='ocrx_word' id='word_1_93' title='bbox 121 1481 124 1492; x_wconf 76' lang='grc'><em>.</em></span> <span class='ocrx_word' id='word_1_94' title='bbox 212 1433 250 1493; x_wconf 88' lang='lat' dir='ltr'><strong>R.</strong></span> <span class='ocrx_word' id='word_1_95' title='bbox 274 1435 483 1512; x_wconf 83' lang='lat' dir='ltr'><strong>Distingueudo</strong></span> <span class='ocrx_word' id='word_1_96' title='bbox 507 1447 681 1514; x_wconf 86' lang='lat' dir='ltr'><strong>assumptum</strong></span> <span class='ocrx_word' id='word_1_97' title='bbox 709 1435 899 1514; x_wconf 80' lang='lat' dir='ltr'><strong>probationis:</strong></span> <span class='ocrx_word' id='word_1_98' title='bbox 924 1455 971 1494; x_wconf 89' lang='lat' dir='ltr'><strong>res</strong></span> <span class='ocrx_word' id='word_1_99' title='bbox 998 1455 1052 1514; x_wconf 90' lang='lat' dir='ltr'><strong>per</strong></span> 
     </span>
     <span class='ocr_line' id='line_1_15' title="bbox 170 1515 1088 1594; baseline 0.002 -20"><span class='ocrx_word' id='word_1_100' title='bbox 170 1517 244 1575; x_wconf 87' lang='lat' dir='ltr'><strong>bona</strong></span> <span class='ocrx_word' id='word_1_101' title='bbox 257 1529 286 1574; x_wconf 92' lang='lat' dir='ltr'><strong>et</strong></span> <span class='ocrx_word' id='word_1_102' title='bbox 299 1517 377 1574; x_wconf 87' lang='lat' dir='ltr'><strong>utilis</strong></span> <span class='ocrx_word' id='word_1_103' title='bbox 390 1535 447 1573; x_wconf 89' lang='lat' dir='ltr'><strong>non</strong></span> <span class='ocrx_word' id='word_1_104' title='bbox 461 1528 556 1594; x_wconf 79' lang='lat' dir='ltr'><strong>potest</strong></span> <span class='ocrx_word' id='word_1_105' title='bbox 574 1537 636 1576; x_wconf 85' lang='lat' dir='ltr'><strong>esse</strong></span> <span class='ocrx_word' id='word_1_106' title='bbox 649 1517 766 1576; x_wconf 85' lang='lat' dir='ltr'><strong>materie</strong></span> <span class='ocrx_word' id='word_1_107' title='bbox 778 1515 974 1594; x_wconf 77' lang='lat' dir='ltr'><strong>prohibitionis</strong></span> <span class='ocrx_word' id='word_1_108' title='bbox 998 1519 1088 1576; x_wconf 87' lang='lat' dir='ltr'><strong>ration</strong></span> 
     </span>
     <span class='ocr_line' id='line_1_16' title="bbox 170 1599 1093 1676; baseline 0.001 -20"><span class='ocrx_word' id='word_1_109' title='bbox 170 1601 223 1668; x_wconf 82' lang='lat' dir='ltr'><strong>sui,</strong></span> <span class='ocrx_word' id='word_1_110' title='bbox 238 1600 362 1657; x_wconf 84' lang='lat' dir='ltr'><strong>concedo</strong></span> <span class='ocrx_word' id='word_1_111' title='bbox 376 1611 566 1676; x_wconf 84' lang='lat' dir='ltr'><strong>assumptum:</strong></span> <span class='ocrx_word' id='word_1_112' title='bbox 588 1619 644 1657; x_wconf 89' lang='lat' dir='ltr'><strong>uon</strong></span> <span class='ocrx_word' id='word_1_113' title='bbox 657 1611 752 1676; x_wconf 87' lang='lat' dir='ltr'><strong>potest</strong></span> <span class='ocrx_word' id='word_1_114' title='bbox 765 1617 827 1656; x_wconf 85' lang='lat' dir='ltr'><strong>esse</strong></span> <span class='ocrx_word' id='word_1_115' title='bbox 842 1599 958 1656; x_wconf 80' lang='lat' dir='ltr'><strong>materia</strong></span> <span class='ocrx_word' id='word_1_116' title='bbox 981 1599 1093 1676; x_wconf 82' lang='lat' dir='ltr'><strong>prohibi</strong></span> 
     </span>
     <span class='ocr_line' id='line_1_17' title="bbox 170 1679 1094 1758; baseline 0.003 -22"><span class='ocrx_word' id='word_1_117' title='bbox 170 1679 254 1737; x_wconf 88' lang='lat' dir='ltr'><strong>tionis</strong></span> <span class='ocrx_word' id='word_1_118' title='bbox 272 1699 323 1758; x_wconf 90' lang='lat' dir='ltr'><strong>per</strong></span> <span class='ocrx_word' id='word_1_119' title='bbox 336 1680 474 1747; x_wconf 84' lang='lat' dir='ltr'><strong>accidens,</strong></span> <span class='ocrx_word' id='word_1_120' title='bbox 489 1681 597 1739; x_wconf 84' lang='lat' dir='ltr'><strong>ratione</strong></span> <span class='ocrx_word' id='word_1_121' title='bbox 611 1679 890 1750; x_wconf 64' lang='lat' dir='ltr'><strong>circumstantiarum,</strong></span> <span class='ocrx_word' id='word_1_122' title='bbox 913 1698 1094 1758; x_wconf 80' lang='lat' dir='ltr'><strong>personarum</strong></span> 
     </span>
     <span class='ocr_line' id='line_1_18' title="bbox 170 1759 1087 1840; baseline 0.003 -22"><span class='ocrx_word' id='word_1_123' title='bbox 170 1759 332 1830; x_wconf 79' lang='lat' dir='ltr'><strong>effectuum,</strong></span> <span class='ocrx_word' id='word_1_124' title='bbox 348 1761 400 1818; x_wconf 79' lang='lat' dir='ltr'><strong>&amp;u</strong></span> <span class='ocrx_word' id='word_1_125' title='bbox 414 1781 487 1837; x_wconf 81' lang='lat' dir='ltr'><strong>nego</strong></span> <span class='ocrx_word' id='word_1_126' title='bbox 501 1775 694 1840; x_wconf 85' lang='lat' dir='ltr'><strong>assumptum:</strong></span> <span class='ocrx_word' id='word_1_127' title='bbox 716 1763 756 1819; x_wconf 87' lang='lat' dir='ltr'><strong>sio</strong></span> <span class='ocrx_word' id='word_1_128' title='bbox 770 1781 798 1818; x_wconf 87' lang='lat' dir='ltr'><strong>v.</strong></span> <span class='ocrx_word' id='word_1_129' title='bbox 821 1781 848 1838; x_wconf 83' lang='lat' dir='ltr'><strong>g.</strong></span> <span class='ocrx_word' id='word_1_130' title='bbox 867 1763 1035 1821; x_wconf 81' lang='lat' dir='ltr'><strong>communio</strong></span> <span class='ocrx_word' id='word_1_131' title='bbox 1057 1783 1087 1820; x_wconf 90' lang='lat' dir='ltr'><strong>su</strong></span> 
     </span>
     <span class='ocr_line' id='line_1_19' title="bbox 169 1841 1087 1921; baseline 0.002 -21"><span class='ocrx_word' id='word_1_132' title='bbox 169 1850 288 1918; x_wconf 81' lang='lat' dir='ltr'><strong>utreque</strong></span> <span class='ocrx_word' id='word_1_133' title='bbox 311 1843 413 1920; x_wconf 88' lang='lat' dir='ltr'><strong>specie,</strong></span> <span class='ocrx_word' id='word_1_134' title='bbox 438 1843 505 1902; x_wconf 76' lang='lat' dir='ltr'><strong>licet</strong></span> <span class='ocrx_word' id='word_1_135' title='bbox 518 1863 569 1920; x_wconf 90' lang='lat' dir='ltr'><strong>per</strong></span> <span class='ocrx_word' id='word_1_136' title='bbox 581 1863 612 1903; x_wconf 87' lang='lat' dir='ltr'><strong>se</strong></span> <span class='ocrx_word' id='word_1_137' title='bbox 626 1844 663 1902; x_wconf 87' lang='lat' dir='ltr'><strong>sit</strong></span> <span class='ocrx_word' id='word_1_138' title='bbox 686 1843 801 1921; x_wconf 86' lang='lat' dir='ltr'><strong>optima,</strong></span> <span class='ocrx_word' id='word_1_139' title='bbox 826 1841 991 1920; x_wconf 81' lang='lat' dir='ltr'><strong>prohibetur</strong></span> <span class='ocrx_word' id='word_1_140' title='bbox 1013 1857 1087 1904; x_wconf 85' lang='lat' dir='ltr'><strong>tame</strong></span> 
     </span>
     <span class='ocr_line' id='line_1_20' title="bbox 169 1925 1096 2002; baseline 0.002 -20"><span class='ocrx_word' id='word_1_141' title='bbox 169 1925 284 1982; x_wconf 85' lang='lat' dir='ltr'><strong>Laicis:</strong></span> <span class='ocrx_word' id='word_1_142' title='bbox 305 1925 347 1982; x_wconf 89' lang='lat' dir='ltr'><strong>sic</strong></span> <span class='ocrx_word' id='word_1_143' title='bbox 361 1925 444 1982; x_wconf 85' lang='lat' dir='ltr'><strong>etiam</strong></span> <span class='ocrx_word' id='word_1_144' title='bbox 460 1925 515 1983; x_wconf 87' lang='lat' dir='ltr'><strong>cibi</strong></span> <span class='ocrx_word' id='word_1_145' title='bbox 539 1943 590 2001; x_wconf 89' lang='lat' dir='ltr'><strong>per</strong></span> <span class='ocrx_word' id='word_1_146' title='bbox 603 1947 633 1984; x_wconf 87' lang='lat' dir='ltr'><strong>se</strong></span> <span class='ocrx_word' id='word_1_147' title='bbox 647 1925 713 1984; x_wconf 88' lang='lat' dir='ltr'><strong>boni</strong></span> <span class='ocrx_word' id='word_1_148' title='bbox 728 1925 867 2002; x_wconf 76' lang='lat' dir='ltr'><strong>sapienter</strong></span> <span class='ocrx_word' id='word_1_149' title='bbox 878 1937 1022 2002; x_wconf 81' lang='lat' dir='ltr'><strong>negentur</strong></span> <span class='ocrx_word' id='word_1_150' title='bbox 1042 1927 1096 1985; x_wconf 83' lang='lat' dir='ltr'><strong>illis</strong></span> 
     </span>
     <span class='ocr_line' id='line_1_21' title="bbox 169 2006 1077 2082; baseline 0.004 -19"><span class='ocrx_word' id='word_1_151' title='bbox 169 2006 270 2082; x_wconf 90' lang='lat' dir='ltr'><strong>quibus</strong></span> <span class='ocrx_word' id='word_1_152' title='bbox 284 2006 391 2064; x_wconf 84' lang='lat' dir='ltr'><strong>ratione</strong></span> <span class='ocrx_word' id='word_1_153' title='bbox 405 2007 572 2078; x_wconf 80' lang='lat' dir='ltr'><strong>infirmitatis</strong></span> <span class='ocrx_word' id='word_1_154' title='bbox 585 2021 634 2065; x_wconf 85' lang='lat' dir='ltr'><strong>eut</strong></span> <span class='ocrx_word' id='word_1_155' title='bbox 648 2006 800 2065; x_wconf 87' lang='lat' dir='ltr'><strong>debilitatis</strong></span> <span class='ocrx_word' id='word_1_156' title='bbox 824 2007 917 2064; x_wconf 79' lang='lat' dir='ltr'><strong>forent</strong></span> <span class='ocrx_word' id='word_1_157' title='bbox 939 2007 1039 2066; x_wconf 82' lang='lat' dir='ltr'><strong>nocivi</strong></span> <span class='ocrx_word' id='word_1_158' title='bbox 1061 2029 1077 2068; x_wconf 87' lang='lat' dir='ltr'><strong>a</strong></span> 
     </span>
     <span class='ocr_line' id='line_1_22' title="bbox 168 2087 328 2164; baseline 0.019 -19"><span class='ocrx_word' id='word_1_159' title='bbox 168 2087 328 2164; x_wconf 84' lang='lat' dir='ltr'><strong>periculosi.</strong></span> 
     </span>
    </p>

    <p class='ocr_par' dir='ltr' id='par_1_5' title="bbox 168 2169 1096 2328">
     <span class='ocr_line' id='line_1_23' title="bbox 210 2169 1096 2246; baseline 0.002 -20"><span class='ocrx_word' id='word_1_160' title='bbox 210 2169 351 2228; x_wconf 83' lang='lat' dir='ltr'><strong>Instabis:</strong></span> <span class='ocrx_word' id='word_1_161' title='bbox 365 2169 432 2228; x_wconf 88' lang='lat' dir='ltr'><strong>licet</strong></span> <span class='ocrx_word' id='word_1_162' title='bbox 445 2169 559 2246; x_wconf 88' lang='lat' dir='ltr'><strong>quidam</strong></span> <span class='ocrx_word' id='word_1_163' title='bbox 573 2169 636 2228; x_wconf 87' lang='lat' dir='ltr'><strong>cibo</strong></span> <span class='ocrx_word' id='word_1_164' title='bbox 650 2169 695 2230; x_wconf 85' lang='lat' dir='ltr'><strong>rel</strong></span> <span class='ocrx_word' id='word_1_165' title='bbox 709 2179 779 2246; x_wconf 88' lang='lat' dir='ltr'><strong>potu</strong></span> <span class='ocrx_word' id='word_1_166' title='bbox 788 2189 815 2228; x_wconf 85' lang='lat' dir='ltr'><strong>v.</strong></span> <span class='ocrx_word' id='word_1_167' title='bbox 829 2189 857 2246; x_wconf 79' lang='lat' dir='ltr'><strong>g.</strong></span> <span class='ocrx_word' id='word_1_168' title='bbox 865 2169 931 2227; x_wconf 82' lang='lat' dir='ltr'><strong>vieo</strong></span> <span class='ocrx_word' id='word_1_169' title='bbox 941 2171 1096 2230; x_wconf 80' lang='lat' dir='ltr'><strong>abutantur</strong></span> 
     </span>
     <span class='ocr_line' id='line_1_24' title="bbox 168 2250 957 2328; baseline 0.001 -20"><span class='ocrx_word' id='word_1_170' title='bbox 168 2271 223 2308; x_wconf 90' lang='lat' dir='ltr'><strong>nou</strong></span> <span class='ocrx_word' id='word_1_171' title='bbox 238 2251 303 2309; x_wconf 84' lang='lat' dir='ltr'><strong>ideb</strong></span> <span class='ocrx_word' id='word_1_172' title='bbox 317 2251 428 2308; x_wconf 87' lang='lat' dir='ltr'><strong>illorum</strong></span> <span class='ocrx_word' id='word_1_173' title='bbox 443 2271 510 2308; x_wconf 87' lang='lat' dir='ltr'><strong>usus</strong></span> <span class='ocrx_word' id='word_1_174' title='bbox 524 2263 618 2328; x_wconf 90' lang='lat' dir='ltr'><strong>potest</strong></span> <span class='ocrx_word' id='word_1_175' title='bbox 632 2250 791 2328; x_wconf 87' lang='lat' dir='ltr'><strong>prohiberi·</strong></span> <span class='ocrx_word' id='word_1_176' title='bbox 812 2271 888 2327; x_wconf 79' lang='lat' dir='ltr'><strong>ergo,</strong></span> <span class='ocrx_word' id='word_1_177' title='bbox 903 2252 957 2309; x_wconf 76' lang='lat' dir='ltr'><strong>bro.</strong></span> 
     </span>
    </p>

    <p class='ocr_par' dir='ltr' id='par_1_6' title="bbox 166 2324 1090 2654">
     <span class='ocr_line' id='line_1_25' title="bbox 209 2324 1090 2409; baseline 0.003 -19"><span class='ocrx_word' id='word_1_178' title='bbox 209 2324 247 2390; x_wconf 78' lang='lat' dir='ltr'><strong>ll.</strong></span> <span class='ocrx_word' id='word_1_179' title='bbox 272 2335 316 2390; x_wconf 88' lang='lat'><strong>1⁰.</strong></span> <span class='ocrx_word' id='word_1_180' title='bbox 338 2331 472 2392; x_wconf 86' lang='lat' dir='ltr'><strong>Concedo</strong></span> <span class='ocrx_word' id='word_1_181' title='bbox 486 2345 578 2390; x_wconf 88' lang='lat' dir='ltr'><strong>antec.</strong></span> <span class='ocrx_word' id='word_1_182' title='bbox 592 2331 766 2391; x_wconf 89' lang='lat' dir='ltr'><strong>intellectum</strong></span> <span class='ocrx_word' id='word_1_183' title='bbox 781 2333 817 2390; x_wconf 89' lang='lat' dir='ltr'><strong>de</strong></span> <span class='ocrx_word' id='word_1_184' title='bbox 831 2332 894 2409; x_wconf 87' lang='lat' dir='ltr'><strong>lege</strong></span> <span class='ocrx_word' id='word_1_185' title='bbox 907 2333 1090 2392; x_wconf 75' lang='lat' dir='ltr'><strong>universalite</strong></span> 
     </span>
     <span class='ocr_line' id='line_1_26' title="bbox 166 2413 1075 2492; baseline 0 -20"><span class='ocrx_word' id='word_1_186' title='bbox 166 2413 350 2492; x_wconf 86' lang='lat' dir='ltr'><strong>probibente;</strong></span> <span class='ocrx_word' id='word_1_187' title='bbox 382 2413 447 2489; x_wconf 86' lang='lat' dir='ltr'><strong>quia</strong></span> <span class='ocrx_word' id='word_1_188' title='bbox 467 2427 533 2472; x_wconf 89' lang='lat' dir='ltr'><strong>saut</strong></span> <span class='ocrx_word' id='word_1_189' title='bbox 554 2413 623 2471; x_wconf 81' lang='lat' dir='ltr'><strong>usius</strong></span> <span class='ocrx_word' id='word_1_190' title='bbox 644 2413 840 2472; x_wconf 87' lang='lat' dir='ltr'><strong>universaliter</strong></span> <span class='ocrx_word' id='word_1_191' title='bbox 866 2416 1030 2482; x_wconf 82' lang='lat' dir='ltr'><strong>necessarii,</strong></span> <span class='ocrx_word' id='word_1_192' title='bbox 1060 2435 1075 2472; x_wconf 89' lang='lat' dir='ltr'><strong>a</strong></span> 
     </span>
     <span class='ocr_line' id='line_1_27' title="bbox 166 2494 1076 2573; baseline 0 -19"><span class='ocrx_word' id='word_1_193' title='bbox 166 2496 332 2573; x_wconf 87' lang='lat' dir='ltr'><strong>simpliciter</strong></span> <span class='ocrx_word' id='word_1_194' title='bbox 344 2496 441 2553; x_wconf 87' lang='lat' dir='ltr'><strong>utilis.</strong></span> <span class='ocrx_word' id='word_1_195' title='bbox 456 2515 622 2572; x_wconf 85' lang='lat' dir='ltr'><strong>quamquem</strong></span> <span class='ocrx_word' id='word_1_196' title='bbox 638 2508 667 2554; x_wconf 92' lang='lat' dir='ltr'><strong>et</strong></span> <span class='ocrx_word' id='word_1_197' title='bbox 681 2497 710 2552; x_wconf 91' lang='lat' dir='ltr'><strong>in</strong></span> <span class='ocrx_word' id='word_1_198' title='bbox 720 2495 754 2552; x_wconf 87' lang='lat' dir='ltr'><strong>iis</strong></span> <span class='ocrx_word' id='word_1_199' title='bbox 768 2495 804 2553; x_wconf 84' lang='lat' dir='ltr'><strong>ad</strong></span> <span class='ocrx_word' id='word_1_200' title='bbox 814 2494 972 2552; x_wconf 88' lang='lat' dir='ltr'><strong>tollendum</strong></span> <span class='ocrx_word' id='word_1_201' title='bbox 983 2497 1076 2554; x_wconf 80' lang='lat' dir='ltr'><strong>abusu</strong></span> 
     </span>
     <span class='ocr_line' id='line_1_28' title="bbox 166 2576 973 2654; baseline -0.004 -18"><span class='ocrx_word' id='word_1_202' title='bbox 166 2577 305 2636; x_wconf 87' lang='lat' dir='ltr'><strong>interdum</strong></span> <span class='ocrx_word' id='word_1_203' title='bbox 320 2577 447 2653; x_wconf 83' lang='lat' dir='ltr'><strong>quaedem</strong></span> <span class='ocrx_word' id='word_1_204' title='bbox 462 2578 529 2633; x_wconf 74' lang='lat' dir='ltr'><strong>ustis</strong></span> <span class='ocrx_word' id='word_1_205' title='bbox 544 2577 698 2635; x_wconf 86' lang='lat' dir='ltr'><strong>moderatio</strong></span> <span class='ocrx_word' id='word_1_206' title='bbox 711 2576 853 2654; x_wconf 82' lang='lat' dir='ltr'><strong>preescribi</strong></span> <span class='ocrx_word' id='word_1_207' title='bbox 866 2589 973 2653; x_wconf 87' lang='lat' dir='ltr'><strong>posset.</strong></span> 
     </span>
    </p>

    <p class='ocr_par' dir='ltr' id='par_1_7' title="bbox 165 2657 1103 3305">
     <span class='ocr_line' id='line_1_29' title="bbox 208 2657 1075 2748; baseline 0.002 -32"><span class='ocrx_word' id='word_1_208' title='bbox 208 2659 244 2716; x_wconf 83' lang='lat' dir='ltr'><strong>R.</strong></span> <span class='ocrx_word' id='word_1_209' title='bbox 273 2659 318 2716; x_wconf 98' lang='grc'><strong>20</strong></span> <span class='ocrx_word' id='word_1_210' title='bbox 341 2659 423 2734; x_wconf 86' lang='lat' dir='ltr'><strong>Nego</strong></span> <span class='ocrx_word' id='word_1_211' title='bbox 450 2677 562 2734; x_wconf 82' lang='lat' dir='ltr'><strong>conseq.</strong></span> <span class='ocrx_word' id='word_1_212' title='bbox 591 2659 738 2737; x_wconf 90' lang='lat' dir='ltr'><strong>disparitas</strong></span> <span class='ocrx_word' id='word_1_213' title='bbox 765 2670 817 2728; x_wconf 91' lang='lat' dir='ltr'><strong>est,</strong></span> <span class='ocrx_word' id='word_1_214' title='bbox 847 2658 922 2734; x_wconf 84' lang='lat' dir='ltr'><strong>qubd</strong></span> <span class='ocrx_word' id='word_1_215' title='bbox 956 2657 1075 2748; x_wconf 83' lang='lat' dir='ltr'><strong>Seriptu</strong></span> 
     </span>
     <span class='ocr_line' id='line_1_30' title="bbox 168 2739 1096 2816; baseline -0.004 -16"><span class='ocrx_word' id='word_1_216' title='bbox 168 2741 253 2800; x_wconf 77' lang='lat' dir='ltr'><strong>Sacra</strong></span> <span class='ocrx_word' id='word_1_217' title='bbox 267 2741 372 2797; x_wconf 81' lang='lat' dir='ltr'><strong>nonsit</strong></span> <span class='ocrx_word' id='word_1_218' title='bbox 383 2739 529 2816; x_wconf 80' lang='lat' dir='ltr'><strong>aequaliter</strong></span> <span class='ocrx_word' id='word_1_219' title='bbox 537 2740 671 2805; x_wconf 89' lang='lat' dir='ltr'><strong>ordinata,</strong></span> <span class='ocrx_word' id='word_1_220' title='bbox 683 2751 715 2797; x_wconf 89' lang='lat' dir='ltr'><strong>ut</strong></span> <span class='ocrx_word' id='word_1_221' title='bbox 726 2739 843 2816; x_wconf 85' lang='lat' dir='ltr'><strong>quisque</strong></span> <span class='ocrx_word' id='word_1_222' title='bbox 850 2757 902 2816; x_wconf 88' lang='lat' dir='ltr'><strong>per</strong></span> <span class='ocrx_word' id='word_1_223' title='bbox 911 2759 942 2796; x_wconf 87' lang='lat' dir='ltr'><strong>se</strong></span> <span class='ocrx_word' id='word_1_224' title='bbox 953 2758 987 2797; x_wconf 88' lang='lat' dir='ltr'><strong>ea</strong></span> <span class='ocrx_word' id='word_1_225' title='bbox 996 2753 1096 2800; x_wconf 83' lang='lat' dir='ltr'><strong>utamr</strong></span> 
     </span>
     <span class='ocr_line' id='line_1_31' title="bbox 166 2819 1071 2916; baseline 0 -36"><span class='ocrx_word' id='word_1_226' title='bbox 166 2823 239 2882; x_wconf 84' lang='lat' dir='ltr'><strong>sieut</strong></span> <span class='ocrx_word' id='word_1_227' title='bbox 254 2821 333 2880; x_wconf 75' lang='lat' dir='ltr'><strong>cibus</strong></span> <span class='ocrx_word' id='word_1_228' title='bbox 348 2835 376 2878; x_wconf 92' lang='lat' dir='ltr'><strong>et</strong></span> <span class='ocrx_word' id='word_1_229' title='bbox 389 2836 490 2898; x_wconf 83' lang='lat' dir='ltr'><strong>potus3</strong></span> <span class='ocrx_word' id='word_1_230' title='bbox 505 2821 732 2916; x_wconf 83' lang='lat' dir='ltr'><strong>quandoquidem</strong></span> <span class='ocrx_word' id='word_1_231' title='bbox 746 2819 845 2878; x_wconf 87' lang='lat' dir='ltr'><strong>horum</strong></span> <span class='ocrx_word' id='word_1_232' title='bbox 865 2820 973 2878; x_wconf 80' lang='lat' dir='ltr'><strong>utilitas</strong></span> <span class='ocrx_word' id='word_1_233' title='bbox 988 2822 1071 2880; x_wconf 80' lang='lat' dir='ltr'><strong>aliun</strong></span> 
     </span>
     <span class='ocr_line' id='line_1_32' title="bbox 165 2895 1079 2982; baseline -0.001 -19"><span class='ocrx_word' id='word_1_234' title='bbox 165 2924 222 2963; x_wconf 86' lang='lat' dir='ltr'><strong>nou</strong></span> <span class='ocrx_word' id='word_1_235' title='bbox 236 2903 363 2982; x_wconf 85' lang='lat' dir='ltr'><strong>supplee</strong></span> <span class='ocrx_word' id='word_1_236' title='bbox 366 2923 407 2971; x_wconf 86' lang='lat' dir='ltr'><strong>ur,</strong></span> <span class='ocrx_word' id='word_1_237' title='bbox 422 2916 505 2980; x_wconf 88' lang='lat' dir='ltr'><strong>prout</strong></span> <span class='ocrx_word' id='word_1_238' title='bbox 516 2903 604 2979; x_wconf 80' lang='lat' dir='ltr'><strong>magis</strong></span> <span class='ocrx_word' id='word_1_239' title='bbox 626 2903 733 2960; x_wconf 87' lang='lat' dir='ltr'><strong>utiliter</strong></span> <span class='ocrx_word' id='word_1_240' title='bbox 746 2913 775 2960; x_wconf 90' lang='lat' dir='ltr'><strong>et</strong></span> <span class='ocrx_word' id='word_1_241' title='bbox 789 2902 850 2958; x_wconf 88' lang='lat' dir='ltr'><strong>siue</strong></span> <span class='ocrx_word' id='word_1_242' title='bbox 864 2895 1031 2960; x_wconf 86' lang='lat' dir='ltr'><strong>detrimenti</strong></span> <span class='ocrx_word' id='word_1_243' title='bbox 1052 2907 1079 2962; x_wconf 87' lang='grc' dir='ltr'><strong>ιι</strong></span> 
     </span>
     <span class='ocr_line' id='line_1_33' title="bbox 166 2983 1078 3061; baseline 0 -17"><span class='ocrx_word' id='word_1_244' title='bbox 166 2985 281 3044; x_wconf 85' lang='lat' dir='ltr'><strong>crimine</strong></span> <span class='ocrx_word' id='word_1_245' title='bbox 291 2985 438 3061; x_wconf 88' lang='lat' dir='ltr'><strong>suppletur</strong></span> <span class='ocrx_word' id='word_1_246' title='bbox 447 2984 547 3042; x_wconf 88' lang='lat' dir='ltr'><strong>Lectio</strong></span> <span class='ocrx_word' id='word_1_247' title='bbox 560 2984 711 3060; x_wconf 82' lang='lat' dir='ltr'><strong>Scripturae</strong></span> <span class='ocrx_word' id='word_1_248' title='bbox 723 2983 817 3042; x_wconf 67' lang='lat' dir='ltr'><strong>Sacrae</strong></span> <span class='ocrx_word' id='word_1_249' title='bbox 826 3001 878 3060; x_wconf 89' lang='lat' dir='ltr'><strong>per</strong></span> <span class='ocrx_word' id='word_1_250' title='bbox 886 2983 1078 3044; x_wconf 83' lang='lat' dir='ltr'><strong>instructione</strong></span> 
     </span>
     <span class='ocr_line' id='line_1_34' title="bbox 166 2989 1103 3208; baseline -0.003 -82"><span class='ocrx_word' id='word_1_251' title='bbox 166 3069 324 3136; x_wconf 85' lang='lat' dir='ltr'><strong>Pastorum,</strong></span> <span class='ocrx_word' id='word_1_252' title='bbox 339 3067 390 3123; x_wconf 74' lang='grc' dir='ltr'><strong>ιιι.</strong></span> <span class='ocrx_word' id='word_1_253' title='bbox 404 3085 440 3123; x_wconf 85' lang='grc' dir='ltr'><strong>ιιι</strong></span> <span class='ocrx_word' id='word_1_254' title='bbox 463 3085 579 3141; x_wconf 87' lang='lat' dir='ltr'><strong>quorum</strong></span> <span class='ocrx_word' id='word_1_255' title='bbox 595 3084 643 3121; x_wconf 85' lang='lat' dir='ltr'><strong>oro</strong></span> <span class='ocrx_word' id='word_1_256' title='bbox 666 3065 788 3142; x_wconf 83' lang='lat' dir='ltr'><strong>populus</strong></span> <span class='ocrx_word' id='word_1_257' title='bbox 802 3063 910 3140; x_wconf 79' lang='lat' dir='ltr'><strong>Legem</strong></span> <span class='ocrx_word' id='word_1_258' title='bbox 926 3063 984 3123; x_wconf 90' lang='lat' dir='ltr'><strong>Dei</strong></span> <span class='ocrx_word' id='word_1_259' title='bbox 1011 2989 1103 3208; x_wconf 52' lang='lat' dir='ltr'><strong>minii</strong></span> 
     </span>
     <span class='ocr_line' id='line_1_35' title="bbox 165 3145 1092 3222; baseline -0.001 -14"><span class='ocrx_word' id='word_1_260' title='bbox 165 3169 226 3208; x_wconf 84' lang='lat' dir='ltr'><strong>rere</strong></span> <span class='ocrx_word' id='word_1_261' title='bbox 241 3149 343 3207; x_wconf 89' lang='lat' dir='ltr'><strong>debet·</strong></span> <span class='ocrx_word' id='word_1_262' title='bbox 364 3148 439 3204; x_wconf 87' lang='lat' dir='ltr'><strong>unde</strong></span> <span class='ocrx_word' id='word_1_263' title='bbox 454 3148 577 3216; x_wconf 84' lang='lat' dir='ltr'><strong>observa,</strong></span> <span class='ocrx_word' id='word_1_264' title='bbox 593 3146 668 3222; x_wconf 81' lang='lat' dir='ltr'><strong>qudi</strong></span> <span class='ocrx_word' id='word_1_265' title='bbox 684 3145 828 3222; x_wconf 82' lang='lat' dir='ltr'><strong>Scriptura</strong></span> <span class='ocrx_word' id='word_1_266' title='bbox 843 3147 928 3204; x_wconf 84' lang='lat' dir='ltr'><strong>Sacra</strong></span> <span class='ocrx_word' id='word_1_267' title='bbox 951 3146 990 3204; x_wconf 85' lang='lat' dir='ltr'><strong>eit</strong></span> <span class='ocrx_word' id='word_1_268' title='bbox 1017 3161 1092 3207; x_wconf 77' lang='lat' dir='ltr'><strong>testa</strong></span> 
     </span>
     <span class='ocr_line' id='line_1_36' title="bbox 165 3227 1103 3305; baseline -0.001 -17"><span class='ocrx_word' id='word_1_269' title='bbox 165 3243 290 3289; x_wconf 84' lang='lat' dir='ltr'><strong>mentum</strong></span> <span class='ocrx_word' id='word_1_270' title='bbox 305 3231 339 3288; x_wconf 89' lang='lat' dir='ltr'><strong>ad</strong></span> <span class='ocrx_word' id='word_1_271' title='bbox 350 3247 446 3286; x_wconf 86' lang='lat' dir='ltr'><strong>omnes</strong></span> <span class='ocrx_word' id='word_1_272' title='bbox 456 3228 569 3303; x_wconf 89' lang='lat' dir='ltr'><strong>quidem</strong></span> <span class='ocrx_word' id='word_1_273' title='bbox 579 3231 743 3305; x_wconf 88' lang='lat' dir='ltr'><strong>pertinens‘</strong></span> <span class='ocrx_word' id='word_1_274' title='bbox 746 3228 856 3304; x_wconf 88' lang='lat' dir='ltr'><strong>quoad</strong></span> <span class='ocrx_word' id='word_1_275' title='bbox 864 3247 924 3286; x_wconf 90' lang='lat' dir='ltr'><strong>rem</strong></span> <span class='ocrx_word' id='word_1_276' title='bbox 933 3227 1103 3289; x_wconf 81' lang='lat' dir='ltr'><strong>Testarnen</strong></span> 
     </span>
    </p>

    <p class='ocr_par' dir='ltr' id='par_1_8' title="bbox 166 3309 653 3386">
     <span class='ocr_line' id='line_1_37' title="bbox 166 3309 653 3386; baseline -0.005 -16.856"><span class='ocrx_word' id='word_1_277' title='bbox 166 3311 237 3380; x_wconf 86' lang='lat' dir='ltr'><strong>“ti,&#39;</strong></span> <span class='ocrx_word' id='word_1_278' title='bbox 240 3312 318 3369; x_wconf 91' lang='lat' dir='ltr'><strong>&#39;nou</strong></span> <span class='ocrx_word' id='word_1_279' title='bbox 332 3311 372 3368; x_wconf 90' lang='lat' dir='ltr'><strong>sic</strong></span> <span class='ocrx_word' id='word_1_280' title='bbox 386 3311 478 3386; x_wconf 88' lang='lat' dir='ltr'><strong>quoad</strong></span> <span class='ocrx_word' id='word_1_281' title='bbox 492 3309 653 3368; x_wconf 89' lang='lat' dir='ltr'><strong>lectionem</strong></span> 
     </span>
    </p>

    <p class='ocr_par' dir='ltr' id='par_1_9' title="bbox 79 3389 1103 3796">
     <span class='ocr_line' id='line_1_38' title="bbox 206 3389 1032 3470; baseline -0.002 -18"><span class='ocrx_word' id='word_1_282' title='bbox 206 3392 304 3452; x_wconf 81' lang='lat' dir='ltr'><strong>lt.8⁰.</strong></span> <span class='ocrx_word' id='word_1_283' title='bbox 325 3392 390 3451; x_wconf 83' lang='lat' dir='ltr'><strong>dam</strong></span> <span class='ocrx_word' id='word_1_284' title='bbox 412 3391 623 3468; x_wconf 85' lang='lat' dir='ltr'><strong>supradictum</strong></span> <span class='ocrx_word' id='word_1_285' title='bbox 647 3401 699 3460; x_wconf 87' lang='lat' dir='ltr'><strong>est,</strong></span> <span class='ocrx_word' id='word_1_286' title='bbox 723 3391 798 3467; x_wconf 80' lang='lat' dir='ltr'><strong>qubd</strong></span> <span class='ocrx_word' id='word_1_287' title='bbox 821 3391 922 3450; x_wconf 69' lang='lat' dir='ltr'><strong>Ikctio</strong></span> <span class='ocrx_word' id='word_1_288' title='bbox 945 3389 1032 3470; x_wconf 79' lang='lat' dir='ltr'><strong>Strip</strong></span> 
     </span>
     <span class='ocr_line' id='line_1_39' title="bbox 167 3471 1093 3550; baseline 0 -17"><span class='ocrx_word' id='word_1_289' title='bbox 167 3475 259 3533; x_wconf 72' lang='lat' dir='ltr'><strong>Sacrae</strong></span> <span class='ocrx_word' id='word_1_290' title='bbox 273 3493 329 3531; x_wconf 91' lang='lat' dir='ltr'><strong>uon</strong></span> <span class='ocrx_word' id='word_1_291' title='bbox 344 3473 509 3550; x_wconf 89' lang='lat' dir='ltr'><strong>simpliciter</strong></span> <span class='ocrx_word' id='word_1_292' title='bbox 533 3471 721 3549; x_wconf 88' lang='lat' dir='ltr'><strong>prohibeatur,</strong></span> <span class='ocrx_word' id='word_1_293' title='bbox 745 3473 796 3530; x_wconf 90' lang='lat' dir='ltr'><strong>sed</strong></span> <span class='ocrx_word' id='word_1_294' title='bbox 820 3471 946 3530; x_wconf 85' lang='lat' dir='ltr'><strong>tollendo</strong></span> <span class='ocrx_word' id='word_1_295' title='bbox 971 3473 1093 3532; x_wconf 86' lang='lat' dir='ltr'><strong>abusum</strong></span> 
     </span>
     <span class='ocr_line' id='line_1_40' title="bbox 164 3551 1103 3630; baseline 0.002 -17"><span class='ocrx_word' id='word_1_296' title='bbox 164 3557 239 3614; x_wconf 85' lang='lat' dir='ltr'><strong>rllrua</strong></span> <span class='ocrx_word' id='word_1_297' title='bbox 250 3573 332 3611; x_wconf 85' lang='lat' dir='ltr'><strong>usum</strong></span> <span class='ocrx_word' id='word_1_298' title='bbox 353 3555 481 3612; x_wconf 84' lang='lat' dir='ltr'><strong>Ecclesia</strong></span> <span class='ocrx_word' id='word_1_299' title='bbox 495 3554 663 3622; x_wconf 84' lang='lat' dir='ltr'><strong>moderetur,</strong></span> <span class='ocrx_word' id='word_1_300' title='bbox 679 3573 743 3610; x_wconf 88' lang='lat' dir='ltr'><strong>euru</strong></span> <span class='ocrx_word' id='word_1_301' title='bbox 765 3551 949 3630; x_wconf 88' lang='lat' dir='ltr'><strong>relinquendo</strong></span> <span class='ocrx_word' id='word_1_302' title='bbox 971 3553 1103 3618; x_wconf 75' lang='lat' dir='ltr'><strong>disere</strong></span> 
     </span>
     <span class='ocr_line' id='line_1_41' title="bbox 165 3633 1093 3716; baseline 0.001 -23"><span class='ocrx_word' id='word_1_303' title='bbox 165 3637 212 3693; x_wconf 90' lang='lat' dir='ltr'><strong>oui</strong></span> <span class='ocrx_word' id='word_1_304' title='bbox 228 3635 408 3711; x_wconf 77' lang='lat' dir='ltr'><strong>superiorum</strong></span> <span class='ocrx_word' id='word_1_305' title='bbox 423 3635 537 3715; x_wconf 89' lang='lat' dir='ltr'><strong>(quod</strong></span> <span class='ocrx_word' id='word_1_306' title='bbox 529 3655 558 3692; x_wconf 87' lang='grc' dir='ltr'><strong>ιι</strong></span> <span class='ocrx_word' id='word_1_307' title='bbox 572 3653 625 3692; x_wconf 89' lang='lat' dir='ltr'><strong>usn</strong></span> <span class='ocrx_word' id='word_1_308' title='bbox 639 3635 697 3692; x_wconf 86' lang='lat' dir='ltr'><strong>vini</strong></span> <span class='ocrx_word' id='word_1_309' title='bbox 711 3635 751 3694; x_wconf 86' lang='lat' dir='ltr'><strong>ita</strong></span> <span class='ocrx_word' id='word_1_310' title='bbox 762 3635 824 3692; x_wconf 82' lang='lat' dir='ltr'><strong>fieri</strong></span> <span class='ocrx_word' id='word_1_311' title='bbox 839 3653 895 3692; x_wconf 89' lang='lat' dir='ltr'><strong>uon</strong></span> <span class='ocrx_word' id='word_1_312' title='bbox 915 3633 1035 3713; x_wconf 84' lang='lat' dir='ltr'><strong>posset)</strong></span> <span class='ocrx_word' id='word_1_313' title='bbox 1058 3659 1093 3716; x_wconf 87' lang='lat' dir='ltr'><strong>qu</strong></span> 
     </span>
     <span class='ocr_line' id='line_1_42' title="bbox 79 3631 1103 3810; baseline 0.003 -35"><span class='ocrx_word' id='word_1_314' title='bbox 79 3757 82 3766; x_wconf 83' lang='lat'><em>·</em></span> <span class='ocrx_word' id='word_1_315' title='bbox 161 3717 296 3810; x_wconf 88' lang='lat' dir='ltr'><strong>judicent,</strong></span> <span class='ocrx_word' id='word_1_316' title='bbox 312 3715 412 3791; x_wconf 87' lang='lat' dir='ltr'><strong>quibus</strong></span> <span class='ocrx_word' id='word_1_317' title='bbox 424 3737 492 3773; x_wconf 89' lang='lat' dir='ltr'><strong>usus</strong></span> <span class='ocrx_word' id='word_1_318' title='bbox 506 3717 554 3774; x_wconf 89' lang='lat' dir='ltr'><strong>ille</strong></span> <span class='ocrx_word' id='word_1_319' title='bbox 568 3735 619 3774; x_wconf 90' lang='lat' dir='ltr'><strong>seu</strong></span> <span class='ocrx_word' id='word_1_320' title='bbox 633 3715 718 3775; x_wconf 90' lang='lat' dir='ltr'><strong>lectio</strong></span> <span class='ocrx_word' id='word_1_321' title='bbox 732 3718 805 3774; x_wconf 92' lang='lat' dir='ltr'><strong>bona</strong></span> <span class='ocrx_word' id='word_1_322' title='bbox 818 3717 856 3775; x_wconf 88' lang='lat' dir='ltr'><strong>sit</strong></span> <span class='ocrx_word' id='word_1_323' title='bbox 868 3729 898 3774; x_wconf 93' lang='lat' dir='ltr'><strong>et</strong></span> <span class='ocrx_word' id='word_1_324' title='bbox 911 3715 1003 3776; x_wconf 86' lang='lat' dir='ltr'><strong>utilis.</strong></span> <span class='ocrx_word' id='word_1_325' title='bbox 1094 3631 1103 3778; x_wconf 85' lang='lat' dir='ltr'><strong>i</strong></span> 
     </span>
    </p>

    <p class='ocr_par' dir='ltr' id='par_1_10' title="bbox 165 3794 1103 4040">
     <span class='ocr_line' id='line_1_43' title="bbox 206 3794 1103 3876; baseline 0.007 -20"><span class='ocrx_word' id='word_1_326' title='bbox 206 3795 272 3874; x_wconf 91' lang='lat' dir='ltr'><strong>Obj.</strong></span> <span class='ocrx_word' id='word_1_327' title='bbox 294 3795 334 3854; x_wconf 91' lang='lat'><strong>11.</strong></span> <span class='ocrx_word' id='word_1_328' title='bbox 358 3795 386 3855; x_wconf 88' lang='lat' dir='ltr'><strong>S.</strong></span> <span class='ocrx_word' id='word_1_329' title='bbox 402 3795 619 3875; x_wconf 86' lang='lat' dir='ltr'><strong>Chrysostomus</strong></span> <span class='ocrx_word' id='word_1_330' title='bbox 642 3794 770 3857; x_wconf 78' lang='lat' dir='ltr'><strong>Homilit</strong></span> <span class='ocrx_word' id='word_1_331' title='bbox 792 3795 867 3856; x_wconf 68' lang='lat' dir='ltr'><strong>noni</strong></span> <span class='ocrx_word' id='word_1_332' title='bbox 889 3796 921 3854; x_wconf 88' lang='lat' dir='ltr'><strong>in</strong></span> <span class='ocrx_word' id='word_1_333' title='bbox 944 3797 1045 3876; x_wconf 88' lang='lat' dir='ltr'><strong>Epist.</strong></span> <span class='ocrx_word' id='word_1_334' title='bbox 1069 3797 1103 3862; x_wconf 85' lang='lat' dir='ltr'><strong>ad</strong></span> 
     </span>
     <span class='ocr_line' id='line_1_44' title="bbox 165 3877 1103 4022; baseline 0.002 -82"><span class='ocrx_word' id='word_1_335' title='bbox 165 3877 297 3942; x_wconf 80' lang='lat' dir='ltr'><strong>Coloss&#39;</strong></span> <span class='ocrx_word' id='word_1_336' title='bbox 288 3889 329 3936; x_wconf 83' lang='lat' dir='ltr'><strong>tta</strong></span> <span class='ocrx_word' id='word_1_337' title='bbox 340 3877 481 3954; x_wconf 84' lang='lat' dir='ltr'><strong>loquitur:</strong></span> <span class='ocrx_word' id='word_1_338' title='bbox 504 3885 523 3918; x_wconf 89' lang='lat'>“</span> <span class='ocrx_word' id='word_1_339' title='bbox 535 3881 652 3950; x_wconf 83' lang='lat' dir='ltr'><strong>Audite,</strong></span> <span class='ocrx_word' id='word_1_340' title='bbox 667 3881 792 3950; x_wconf 85' lang='lat' dir='ltr'><strong>obsecro,</strong></span> <span class='ocrx_word' id='word_1_341' title='bbox 811 3878 979 3938; x_wconf 64' lang='lat' dir='ltr'><strong>menuae</strong></span> <span class='ocrx_word' id='word_1_342' title='bbox 1001 3877 1103 4022; x_wconf 44' lang='lat' dir='ltr'><strong>omuep</strong></span> 
     </span>
     <span class='ocr_line' id='line_1_45' title="bbox 165 3959 1103 4040; baseline 0 -20"><span class='ocrx_word' id='word_1_343' title='bbox 165 3967 183 3997; x_wconf 79' lang='lat'><strong>‘⁸</strong></span> <span class='ocrx_word' id='word_1_344' title='bbox 197 3971 355 4040; x_wconf 70' lang='lat' dir='ltr'><strong>comparato</strong></span> <span class='ocrx_word' id='word_1_345' title='bbox 378 3960 458 4019; x_wconf 84' lang='lat' dir='ltr'><strong>robis</strong></span> <span class='ocrx_word' id='word_1_346' title='bbox 482 3960 575 4022; x_wconf 80' lang='lat' dir='ltr'><strong>Biblia</strong></span> <span class='ocrx_word' id='word_1_347' title='bbox 596 3963 697 4024; x_wconf 84' lang='lat' dir='ltr'><strong>anime</strong></span> <span class='ocrx_word' id='word_1_348' title='bbox 719 3960 898 4040; x_wconf 79' lang='lat' dir='ltr'><strong>pharmacu,&#39;’</strong></span> <span class='ocrx_word' id='word_1_349' title='bbox 923 3972 953 4022; x_wconf 87' lang='lat' dir='ltr'><strong>et</strong></span> <span class='ocrx_word' id='word_1_350' title='bbox 968 3959 1103 4040; x_wconf 53' lang='lat' dir='ltr'><strong>Homilif</strong></span> 
     </span>
    </p>
   </div>
   <div class='ocr_carea' id='block_1_3' title="bbox 0 0 1112 4056">
    <p class='ocr_par' dir='ltr' id='par_1_11' title="bbox 0 0 1112 4056">
     <span class='ocr_line' id='line_1_46' title="bbox 0 0 1112 4056; baseline 0 2"><span class='ocrx_word' id='word_1_351' title='bbox 0 0 1112 4056; x_wconf 95' lang='lat' dir='ltr'><strong> </strong></span> 
     </span>
    </p>
   </div>
  </div>
 </body>
</html>
