2240 4060
132 184 161 242 vi
552 197 659 249 ranas·

136 341 244 454 llbnlle
258 393 413 454 montione
426 391 497 469 legis
509 405 625 464 natura,
676 413 680 422 ·

138 476 177 532 16
198 475 246 533 De
260 475 465 552 dispensatione
480 475 509 531 in
523 475 585 550 lege
599 487 716 546 naturas,

140 557 178 615 17
199 555 248 614 Db
263 557 427 628 delinitione
442 557 512 632 legis
530 555 668 624 humana,

142 637 180 693 18
202 637 249 694 De
263 636 376 700 bomine
390 637 559 713 legislatore,

142 719 180 774 19
200 717 247 776 De
257 717 321 796 jure
336 719 472 796 gentium,

141 801 181 857 20
201 799 248 858 De
257 800 323 876 jure
338 801 423 867 civili,

142 881 177 938 21
201 881 249 939 De
258 881 322 959 juro
337 880 536 950 eeclesiastico,

140 963 180 1020 22
201 962 249 1022 Da
263 964 441 1022 citationibus
454 961 527 1040 juris
541 961 677 1032 canonici,

140 1044 179 1100 23
198 1039 247 1104 De
260 1045 409 1124 praeceptis
422 1043 559 1114 ecclesias,

290 1189 293 1196 '
380 1191 437 1266 'na
460 1205 651 1266 sonorus
672 1189 831 1266 sanun.

142 1369 182 1430 21
203 1371 249 1428 De
263 1369 385 1440 subditis
395 1369 596 1447 legisnaturae,

143 1454 183 1512 25
204 1451 252 1510 De
266 1451 385 1524 subditis
399 1451 469 1527 legis
482 1451 619 1529 positivae,
835 1492 843 1510 .
925 1492 934 1512 .

146 1535 185 1590 96
206 1533 253 1592 De
267 1533 459 1609 ignorantibus
469 1531 526 1610 legi
539 1531 680 1608 subjectis,
805 1539 807 1546 '

144 1616 185 1689 2⁷,
204 1616 253 1673 De
265 1613 423 1672 infidelibus
437 1626 466 1674 et
479 1612 626 1686 hereticis,
648 1614 704 1690 legi
717 1611 860 1690 subjectis,

145 1697 187 1756 28
208 1697 255 1754 Da
270 1694 355 1772 justis
370 1695 426 1772 legi
439 1693 581 1772 subjectis,
744 1737 751 1753 .
770 1747 773 1755 .

144 1777 185 1834 29
206 1777 253 1836 De
267 1777 423 1853 legislatore
438 1787 469 1836 ut
483 1776 539 1851 legi
553 1774 689 1852 subjecto,

82 1914 84 1924 ,
145 1859 186 1918 80
207 1857 254 1916 Do
268 1859 376 1916 clericis
390 1858 446 1932 legi
460 1856 601 1934 subjectis,
745 1899 753 1915 .
833 1899 843 1917 .
895 1882 934 1918 ·.

145 1939 182 1998 31
207 1939 253 1998 De
266 1940 428 2016 peregrinis,
449 1939 563 1997 advenis
577 1952 606 1998 et
620 1940 697 2016 vagis
712 1939 768 2016 lagi
782 1939 924 2016 subjectis,

146 2020 186 2082 39
205 2020 409 2098 Conclusionas
422 2021 553 2098 practica
572 2041 606 2081 ex
621 2022 744 2098 praesatis
758 2022 871 2098 regulis,

336 2182 394 2242 DE
416 2181 707 2244 OBLIGATIONE
728 2183 889 2244 LEGUM·
938 2252 940 2258 ,

145 2347 185 2406 33
206 2345 253 2404 De
267 2345 435 2422 obligatione
449 2345 556 2422 legum,
658 2387 666 2403 .
747 2387 755 2403 .
835 2388 844 2404 .
925 2387 934 2404 .

146 2429 186 2492 31
206 2428 253 2486 De
268 2427 436 2503 obligatione
449 2425 519 2504 legis
533 2425 654 2502 injustae,
835 2469 844 2486 .
926 2468 934 2485 .

145 2511 183 2568 35
205 2509 252 2567 De
267 2508 435 2584 obligatione
450 2507 520 2586 legis
535 2509 658 2566 fundatae
672 2507 702 2564 in
716 2507 786 2568 falsa
801 2528 954 2586 praesurop-

267 2603 354 2660 tione,

142 2673 184 2730 ’36
205 2670 252 2728 De
267 2669 435 2747 obligatione
446 2669 517 2747 legis
530 2669 673 2740 irritantis,

144 2754 183 2811 37
204 2752 252 2810 De
266 2752 434 2828 obligatione
449 2753 518 2828 legis
532 2752 704 2809 affirmativa
719 2764 748 2809 et
762 2751 909 2829 negativae,

143 2835 183 2894 38
204 2834 251 2892 De
265 2833 434 2910 obligatione
447 2833 518 2909 legis
535 2833 655 2900 moralis,
676 2835 792 2910 poenalis
805 2848 835 2894 et
849 2833 953 2902 mixte,
1049 2836 1055 2847 ’
1072 2876 1080 2890 .

146 2918 185 2976 39
207 2916 254 2974 De
268 2915 438 2991 obligatione
452 2917 488 2973 ad
502 2934 610 2993 poenam
626 2914 706 2991 legis,

145 2999 184 3056 40
206 2997 253 3054 De
271 2997 404 3072 qualitate
423 2997 600 3072 obligationis
618 2996 723 3074 legum,

145 3080 181 3138 11
206 3078 253 3136 De
267 3079 421 3154 quantitate
436 3077 612 3154 obligationis
627 3077 731 3154 legum,

145 3162 185 3218 42
206 3159 253 3216 De
268 3159 383 3217 materia
395 3160 451 3217 leri
464 3161 516 3218 snb
531 3159 698 3236 obligatione
712 3160 797 3236 gravi,

144 3243 184 3300 ta
206 3241 254 3299 De
267 3241 383 3298 materia
396 3241 471 3315 gravi
487 3255 515 3299 et
530 3242 584 3298 leri
740 3281 751 3297 .
796 3277 842 3299 ι.
923 3281 932 3298 .

144 3323 186 3384 tt
205 3323 253 3380 De
278 3323 446 3398 obligatione
465 3323 541 3400 gravi
555 3323 748 3400 cognoscenda
761 3341 796 3382 ex
810 3322 954 3380 voluntate
1100 3381 1101 3397 χ

265 3403 441 3480 legislatoris,
649 3445 656 3462 .
738 3445 746 3462 .
827 3443 834 3462 .
919 3444 926 3460 .
1016 3406 1074 3462 316

145 3485 185 3540 45
205 3483 252 3541 De
267 3483 329 3560 lege
343 3485 483 3560 obligante
498 3505 561 3544 cum
575 3485 701 3561 periculo
714 3498 763 3542 ant
771 3485 882 3562 jactura
893 3487 959 3546 vites
1015 3487 1073 3542 317

14 3535 106 3594 ἢ
144 3565 185 3622 to
206 3563 252 3622 De
266 3564 434 3640 obligatione
449 3567 656 3624 constitutionis
672 3565 929 3636 carthusianorum,
1018 3569 1075 3622 319

167 3644 252 3704 tDe
267 3645 443 3720 materiaeeu
458 3647 568 3724 objecto
583 3647 662 3724 legis,
829 3688 837 3706 .
919 3691 930 3708 .
1014 3650 1075 3705 320

251 3945 565 4014 ἡ...
