2224 4050
362 89 403 132 aa
424 85 631 134 vrnaurrsus.
925 73 965 132 ct

79 233 209 293 Similiter
232 235 364 312 ignorans
392 235 499 294 creditu
524 233 689 304 necessaria,
717 253 772 291 non
800 237 865 294 ideo
892 233 967 296 inter

44 315 177 374 tactem
190 319 381 376 numerandus
402 333 462 376 est:
482 317 587 394 pariter
607 317 668 374 lieri
691 327 794 393 potest,
817 319 893 394 quod
914 318 967 376 ali·

42 397 96 470 quis
108 398 143 455 sit
155 400 255 456 tardum
268 399 298 456 in
311 400 461 467 eredendo,
476 412 506 456 et
526 398 672 474 negligens
685 397 716 454 iu
734 397 878 457 eliciendis
899 400 968 458 fidei

40 479 209 550 scribraret
224 493 320 540 emen
344 480 409 538 inde
431 479 487 538 dici
509 499 565 538 non
588 480 689 536 debeat
713 477 879 550 hereticum
900 481 966 558 quia

21 560 137 624 ¹scilicet
151 562 335 638 pertinaciter
355 582 410 619 ιιοιι
431 563 586 619 reluctatur
609 559 772 618 veritatibus
785 561 871 620 fidei:
896 578 966 638 quo-

41 642 114 700 modo
126 643 259 701 Christus
269 663 346 720 saepe
355 643 445 719 arguit
455 641 619 719 Discipulos
629 654 695 698 suos
705 655 836 718 tanquam
846 644 965 704 modicia

41 723 95 779 fidei
104 737 132 780 et
143 726 241 782 tardos
252 727 287 782 ed
299 725 478 792 credendum,
492 743 546 780 non
556 737 649 780 autern
662 736 792 798 tanquam
804 717 964 784 haereticos:

40 823 92 860 nam
105 807 184 863 eliud
201 821 246 864 est
259 827 315 864 non
329 807 452 872 credere,
466 805 512 862 vel
526 825 581 862 uon
595 805 665 862 setis
686 805 815 864 alacriter
828 807 958 874 credere;
1040 840 1045 854 ·

38 885 103 943 aliud
116 900 162 944 est
187 887 369 964 pertinaciter
382 887 539 970 discredere
563 906 615 944 sea
628 886 694 944 fidei
718 887 809 956 reniti,
831 889 906 964 quod
928 891 965 947 ad

39 965 154 1024 heresim
169 969 319 1027 formalem
332 967 490 1044 requiritur.

71 1049 157 1106 Aliud
188 1050 292 1108 iterum
319 1051 470 1108 dicendum
495 1050 576 1118 foret,
600 1049 709 1108 situlis
736 1049 891 1125 ignorantia
918 1053 964 1110 vel

37 1131 149 1199 tarditas,
164 1145 219 1190 aut
242 1132 414 1208 negligentia
438 1133 593 1190 contineret
615 1129 702 1188 animi
726 1131 924 1190 alienationem
946 1134 964 1191 al

39 1212 96 1269 ide:
110 1212 151 1270 ita
164 1226 202 1270 ιιι
215 1217 252 1274 de
266 1215 322 1272 lide
336 1213 464 1272 habenda
476 1213 521 1271 vel
535 1215 693 1272 exercenda
706 1213 798 1270 omnis
812 1230 880 1272 cura
893 1214 963 1294 abjl·

37 1293 113 1350 riatru
125 1315 197 1352 cum
211 1295 399 1358 indifferentia
411 1295 497 1356 animi
512 1295 586 1352 circa
599 1295 747 1364 credenda,
769 1295 813 1352 vel
825 1308 963 1355 statueret

37 1377 222 1436 concredere

68 1457 232 1524 Quomodo,
248 1477 272 1514 ιι
264 1459 321 1516 'ad
336 1456 463 1515 heresim
475 1417 620 1514 fonnelem
635 1456 961 1534 requiraturpertinacia‚

37 1538 162 1597 llaeretiai
177 1559 206 1598 v.
220 1560 248 1614 g.
262 1540 291 1596 iu
307 1538 460 1597 Hellaudia
473 1539 595 1619 reputari
618 1551 735 1615 possunt
759 1538 883 1598 lraeretici
905 1542 961 1600 for·

36 1619 169 1688 males,
132 1641 204 1678 curn
219 1621 261 1678 illi
275 1641 310 1678 ex
326 1621 479 1697 ignorantia
489 1621 541 1678 sibi
551 1621 749 1697 persuadeant,
761 1633 865 1678 sectam
881 1641 960 1680 suam
990 1622 993 1632 '

34 1721 83 1758 esse
97 1721 196 1760 reram
213 1703 413 1778 Religionem?

66 1783 115 1840 Vl.
139 1784 177 1846 R.
202 1783 328 1842 Tametsi
354 1783 435 1841 malti
457 1783 530 1841 inter
552 1783 616 1842 illas
644 1783 770 1848 laborent
794 1784 960 1860 ignorantie,

32 1865 76 1940 qui
88 1879 195 1960 putant
208 1878 313 1923 sectam
328 1885 405 1922 suam
418 1885 479 1922 esse
493 1883 584 1922 veram
598 1865 783 1941 Religionem,
794 1865 856 1942 ipsa
866 1879 960 1926 temen

31 1967 116 2003 aarum
136 1947 300 2022 ignorantia
323 1947 565 2005 communicasset
588 1967 623 2004 ex
644 1947 729 2004 animi
751 1947 953 2006 alienatione
941 1969 981 2006 a.

31 2029 82 2096 ide,
97 2041 209 2086 etcum
224 2029 378 2123 pertinacia
388 2027 554 2086 sufficientia
568 2047 602 2086 ex
615 2027 762 2086 haeresim·
755 2029 842 2110 ,quia
855 2029 958 2088 suffici·

31 2124 97 2166 eriter
111 2111 141 2167 in
150 2131 251 2167 eorum
262 2111 390 2167 notitiam
402 2111 514 2168 devenit
524 2110 654 2174 Ecclesia
665 2110 805 2168 Romano·
809 2107 958 2176 catholica

31 2193 74 2247 uis
86 2193 164 2248 notis
181 2191 376 2252 credibilitatis
390 2192 568 2268 prefulgens,
584 2209 698 2272 suaque
712 2203 797 2248 sectae
808 2192 957 2251 incredibi-

30 2273 95 2338 lites;
111 2293 146 2330 err
162 2273 268 2348 quibus
282 2273 348 2330 satis
363 2273 526 2349 dignoscere
537 2287 662 2348 possunt,
680 2273 835 2331 Ecclesiam
852 2274 956 2333 Roma-

30 2353 247 2414 no-Catlrolicam
262 2375 322 2412 esse
339 2375 429 2412 veram
447 2353 552 2416 Christi
565 2354 729 2418 Ecclesiam,
739 2355 864 2431 adeoque
876 2358 955 2414 audi-

28 2437 198 2494 adamasse
211 2447 344 2511 tanquam
357 2435 481 2510 regulam
496 2435 681 2504 infallibilem,
696 2433 849 2494 secundior
869 2457 954 2513 quam

29 2517 105 2590 prime
130 2517 239 2582 raritas
260 2517 386 2575 revelans
413 2517 494 2574 uobis
516 2517 728 2576 manifestetur:
759 2516 831 2576 hanc
858 2531 953 2578 autem

31 2597 177 2656 Ecclesiam
206 2599 252 2656 vel
279 2598 417 2676 rejiciunt,
445 2597 491 2658 vel
519 2611 622 2676 negant
648 2619 710 2658 esse
737 2599 824 2656 solam
847 2598 953 2666 Christi

30 2679 189 2738 Ecclesiam.

57 2762 204 2826 Quaeritur
232 2761 342 2818 interim
371 2763 407 2818 de
434 2717 539 2832 multis,
567 2761 616 2838 qui
639 2761 713 2822 inter
735 2761 881 2822 hereticos
906 2766 952 2823 vel

28 2841 209 2900 schismaticos
224 2843 283 2900 nati
296 2855 327 2900 et
340 2844 451 2902 educati
465 2855 539 2915 sunt,
555 2845 691 2920 quatenus
704 2845 830 2904 excusari
844 2847 951 2923 possint

27 2923 165 2982 dhaeresi
181 2925 311 2984 formali?

58 3006 120 3063 Vll.
137 3007 308 3083 Respondet
323 3005 461 3082 steyaert,
471 3005 524 3065 hac
538 3006 566 3064 in
581 3027 611 3066 re
625 3008 776 3086 generatim
792 3008 858 3066 setis
873 3011 950 3070 certo

29 3087 190 3160 pronuntiari
214 3107 297 3164 posse
313 3088 416 3146 multos
438 3088 517 3156 tales,
532 3089 617 3146 etiam
640 3103 788 3166 postquam
810 3091 846 3148 ad
869 3111 948 3150 usum

29 3169 125 3226 adonis
139 3169 282 3246 tantisper
295 3183 489 3246 pervenerunt,
504 3168 595 3227 adhuc
609 3173 754 3238 excusari;
774 3172 840 3247 quie
853 3173 897 3231 vel
912 3175 948 3236 de

29 3249 68 3306 fide
81 3249 236 3308 Catholica
258 3249 328 3308 nihil
343 3251 498 3320 inaudierat,
519 3252 563 3308 vel
578 3271 633 3310 non
657 3253 706 3319 sie,
729 3263 761 3310 ut
784 3253 821 3310 ad
846 3253 949 3318 discer-

29 3333 99 3389 nenda
112 3332 196 3390 illius
219 3333 401 3390 fundamenta
413 3333 482 3390 setis
505 3332 597 3391 adhuc
621 3334 677 3391 sint
700 3335 803 3399 idonei.
845 3335 956 3408 Postea

29 3413 118 3470 subdit:
159 3414 309 3500 speciatim
342 3415 408 3474 rard
436 3415 541 3490 aliquid
568 3415 761 3485 determinare,
796 3417 877 3474 valde
904 3432 948 3477 est

30 3493 143 3554 difficile·
167 3515 223 3553 nec
247 3489 359 3571 oportet
372 3495 454 3554 nimis
477 3497 506 3553 in
521 3495 572 3554 lrec
585 3509 664 3573 parte
679 3497 806 3556 liberales
820 3517 890 3593 esse,
905 3513 947 3558 et·

30 3577 89 3632 entis
103 3579 235 3636 muliare
249 3577 365 3635 Patrarn
380 3578 524 3635 mutandis
545 3579 580 3634 de
603 3597 700 3636 eorum
721 3591 799 3641 certo
820 3580 943 3654 interitu,

30 3657 167 3728 paveram
181 3659 269 3718 tidem
292 3671 321 3716 et
336 3657 491 3718 Ecclesiam
507 3678 563 3718 uon
578 3657 690 3738 habeat.

52 3739 94 3794 ln
108 3741 243 3798 dubius'
235 3759 264 3796 tn
279 3740 335 3798 fide
348 3753 392 3798 eet
400 3735 581 3800 haereticus?

56 3819 154 3881 Troes.
165 3823 205 3882 de
229 3821 437 3888 Veneticae
489 3839 501 3881 1
