2224 4050
278 139 281 152 ·
372 129 414 171 un
435 129 641 180 vtarunsns.
955 113 974 166 3

43 271 85 329 rel
99 281 149 348 per
161 271 300 332 auxilium
308 273 406 352 gratia
419 294 470 333 nos
480 275 699 352 disponentibus,
710 283 759 331 aut
770 273 854 332 etiam
865 291 974 332 meren·

43 353 123 410 tibus.
163 353 296 414 Virtutes
309 355 533 433 supernaturales
547 355 702 414 necessario
716 368 781 414 sunt
794 355 904 412 infitsae.

80 433 116 490 V.
137 433 257 492 Dicitur
280 437 372 496 infusa
394 457 445 514 per
458 459 498 508 se,
520 437 640 496 sialiter
661 434 744 512 quiam
768 436 865 495 bDeo
879 436 973 492 iniun-

42 514 124 572 dente
136 513 238 574 haberi
250 537 308 575 non
322 519 427 596 possit:
442 519 466 576 si
480 521 564 578 etiam
578 518 633 578 alii
647 519 754 576 ratione
764 516 861 576 haberi
874 517 972 594 possit,

41 595 142 653 dicitur
154 597 250 656 infusa
264 604 282 633 “
291 619 342 676 per
355 599 509 659 accidens.”

80 677 179 735 Virtus
202 680 341 756 acquisita
370 694 555 759 nuncupatur,
585 699 648 756 quae
675 699 726 758 per
756 692 836 738 actus
863 691 986 739 nostros.

42 757 195 818 efficienter
205 763 370 839 producitur
380 763 409 819 in
419 764 516 821 nobis:
531 762 600 824 tales
610 773 675 819 sunt
686 761 804 820 virtutes
815 762 972 820 naturales:

42 837 106 896 nibil
120 851 220 900 tamen
234 843 369 920 implicat,
392 843 524 902 virtutem
539 843 693 901 naturalem
718 843 802 901 etiarn
827 840 937 900 infundi
957 841 975 900 a

42 921 103 979 Deo
114 944 122 990 ς
142 935 175 980 et
190 923 242 981 toli
256 941 322 982 casu
336 935 410 982 esset
423 925 515 983 infusa
528 945 579 1003 per
592 925 730 983 accidens.

78 1003 156 1066 Quid
171 1016 219 1062 est
232 1005 320 1063 virtus
333 1005 515 1083 theologica?

79 1083 131 1142 Vl.
152 1085 194 1143 R.
216 1086 271 1144 Est
294 1087 351 1157 illa,
376 1107 439 1165 quse
462 1108 514 1166 pro
536 1086 647 1164 objecto
670 1086 780 1144 formali
800 1095 830 1144 et
853 1086 973 1145 naturali

40 1164 171 1241 primario
185 1165 274 1226 habet
287 1168 403 1227 Deum:
423 1169 526 1247 triplex
539 1183 591 1240 est,
616 1167 724 1226 scilicet
738 1165 831 1239 Fides,
847 1165 918 1244 Spes
943 1181 973 1226 et

40 1244 179 1306 Charitas.
860 1271 862 1278 v

76 1327 157 1391 Quid
172 1340 218 1387 est
232 1329 321 1388 virtsn
334 1331 467 1392 moralis?

74 1407 147 1468 Vll.
170 1411 211 1468 R.
231 1411 352 1470 Definiri
374 1425 477 1489 potest,
507 1408 619 1472 habitus
640 1411 778 1472 inclinans
798 1411 834 1471 ad
854 1398 974 1490 operati·

37 1509 105 1548 oues
118 1489 261 1550 humanas
275 1505 360 1552 rectae
372 1494 475 1552 rationi
488 1507 696 1553 consentaneas.

75 1571 167 1632 VIII.
189 1573 337 1632 Dividitur
349 1575 491 1653 praecipue
505 1577 534 1634 iu
548 1589 666 1652 quatuor
680 1573 798 1632 virtutes
808 1574 972 1643 cardinales,

37 1653 219 1728 prudentiam
243 1656 359 1728 scilicet,
378 1656 528 1736 justitiam,
553 1657 745 1716 fortitudinem
766 1668 797 1714 et
815 1668 974 1735 temperau-

37 1747 114 1793 uam.

75 1817 158 1880 Qum
171 1812 237 1876 haec
250 1817 368 1877 virtum
381 1830 516 1878 vocantur
530 1819 705 1879 cardinales?

73 1897 115 1956 R.
134 1897 284 1956 Dicuntur
296 1899 451 1958 cardinales
464 1902 647 1959 similitudine
662 1899 747 1960 ducti
761 1896 780 1958 d
792 1900 914 1972 cardine,
936 1899 972 1960 ab

37 1979 110 2054 qubd
125 1978 156 2036 iu
170 1977 218 2037 his
231 1980 380 2039 nautibus
390 1981 507 2040 velutin
521 1982 678 2050 cardinibus
688 1993 749 2039 tota
761 1980 891 2040 humanat
904 1982 971 2042 vitu

37 2059 162 2136 probitas
178 2072 209 2118 et
220 2060 352 2121 honestas
365 2075 507 2133 vertatur;
526 2077 611 2141 atque
631 2064 667 2122 ad
688 2061 739 2120 bas
759 2062 846 2121 veluti
869 2063 973 2141 princi-

38 2141 123 2218 pales,
137 2141 264 2200 morales
274 2149 389 2202 'caeterae
403 2146 588 2204 reducunturf
878 2219 880 2224 Ι

74 2223 179 2281 Virtus
201 2223 401 2285 intellectualis
425 2238 478 2298 ert,
503 2246 566 2304 quae
587 2224 691 2285 residet
712 2224 743 2283 in
762 2222 917 2297 intellectu,
938 2236 973 2283 ut

38 2301 128 2374 Fides,
144 2305 203 2364 &c-
434 2307 437 2312 ’

74 2385 155 2454 Quid
171 2397 218 2445 est
231 2385 319 2446 virtus
333 2389 465 2466 perlecta,
479 2409 531 2447 seu
549 2389 689 2448 formata?

74 2465 127 2524 lx.
150 2467 195 2526 R.
214 2467 270 2526 Est
290 2469 347 2540 illa,
362 2489 425 2546 quat
439 2490 502 2528 cunr
518 2469 654 2530 charitate
667 2467 802 2528 habituali
827 2465 972 2548 conjungi-

39 2557 95 2640 tpr;
116 2549 191 2626 quia
204 2548 325 2609 charitas
339 2563 383 2609 est
396 2552 494 2620 forma,
513 2553 576 2610 finis
597 2565 627 2611 et
648 2551 785 2632 perfectio
807 2563 972 2610 ceterarum

39 2641 185 2688 urtutnm.

75 2708 111 2768 X.
131 2711 239 2769 Virtus
253 2711 356 2771 dicitur
369 2712 503 2784 informis,
517 2733 580 2789 quae
594 2713 680 2772 estin
694 2709 821 2789 subjecto
835 2710 971 2772 charitate

41 2788 173 2852 habituali
188 2794 336 2864 destituto,
351 2815 402 2852 seu
416 2795 554 2854 existente
568 2795 597 2852 in
611 2807 727 2872 peccato
742 2792 862 2851 meruli.

42 2951 73 3012 N.
86 2955 114 3011 3.
162 2953 224 3014 DE
246 2954 757 3026 DONIS,BEAT1TUDINIBUS
775 2953 829 3014 ET
844 2905 972 3016 ¹FRUC·

249 3037 371 3098 TIBUS
394 3037 582 3098 SPIRITUS
607 3035 767 3097 SANCTI.

44 3195 63 3253 l.
81 3197 174 3256 Dona
189 3193 326 3274 Spiritu
340 3196 372 3256 S.
404 3197 444 3258 Il.
462 3197 542 3257 Sunt
554 3208 664 3277 septena.
699 3197 757 3258 Ill.
771 3199 974 3258 Beatitudiuea

75 3276 277 3354 Ecauyelicae.
329 3279 382 3338 1v.
405 3279 485 3338 Sunt
506 3290 577 3338 octo.
627 3279 663 3338 V.
684 3279 815 3340 Fructus
839 3277 973 3358 Spiritus

78 3361 187 3418 Sancti.
234 3359 288 3420 VI:
308 3358 509 3420 Numerantur
523 3361 680 3420 duodecim.
784 3389 788 3396 ·

6 3527 7 3552 l
78 3521 181 3588 QUID
196 3533 245 3580 est
259 3522 376 3582 domum
392 3521 512 3603 Spiritias
529 3521 646 3584 Sancti?

82 3603 104 3661 l.
125 3604 177 3662 R,
195 3603 253 3662 Est
282 3603 394 3662 habitus
421 3605 637 3682 supernaturalis
664 3603 805 3682 justornm
833 3605 975 3664 urentibus

54 3681 153 3754 inditus,
167 3705 229 3762 quo
243 3684 329 3744 horno
342 3687 414 3745 bene
428 3686 586 3766 disponitur
605 3687 640 3744 ad
661 3699 740 3745 actus
761 3684 966 3744 excellentiore*

6 3819 8 3832 ,
57 3767 333 3826 etextraordinarios.
