2248 4070
469 145 475 168 t

163 191 222 256 378
524 211 728 257 ·τκΑοτΑτυε
804 171 826 224 Ἰ

205 357 258 416 ΧΙ.
291 358 328 416 R.
353 357 578 433 Distingueudo:
611 359 665 417 iter
692 359 784 416 faeere
811 356 936 436 naturale
963 355 1097 434 pedibus,

165 459 246 514 equo,
267 441 340 509 navi,
362 441 414 498 dm.
442 439 605 516 simpliciter
628 461 684 498 non
708 452 751 497 est
774 437 943 516 prohibitum
971 439 1115 508 directe,

164 522 231 596 quie
244 533 287 579 est
301 539 371 600 opus
395 521 537 590 naturale;
556 523 610 580 iter
631 521 777 580 instituere
799 539 863 578 eum
885 520 1100 584 conditionibus

165 603 320 671 servilibus,
341 601 512 680 prohibitum
526 615 578 672 est,
598 615 631 661 ut
653 623 679 660 v.
692 623 720 679 g.
740 615 849 680 portare
873 621 985 660 merces
1008 601 1101 658 aliave

164 703 257 752 onera,
272 685 374 742 ducere
384 682 514 761 jumenta
524 696 631 753 onusta,
642 703 727 742 naves
737 695 787 741 out
797 703 893 741 currus
904 695 1036 750 onustos,
1048 684 1100 740 &o

163 765 264 823 Potest
278 778 371 824 tamen
382 767 410 822 iu
421 766 559 844 prioribus
568 765 677 843 peccari
685 765 839 835 venialiter,
853 765 966 840 qusndo
977 763 1099 821 nimium

163 857 276 924 tempus
297 847 338 905 eis
360 847 540 924 impenditur,
561 861 644 923 atque
665 847 826 926 impeditur,
847 845 1001 924 quominirs
1020 865 1101 903 meus

163 929 246 990 rebus
260 929 361 986 divinis
375 929 471 990 debite
486 947 583 988 vetare
597 928 694 1006 possit.

163 1089 201 1150 N.
207 1093 256 1148 82.
281 1089 339 1150 DE
351 1089 816 1231 GRAVITAggRBliLlERIAE
827 1090 909 1150 PRO
921 1087 1099 1148 LABORE

162 1336 188 1394 1.
208 1334 337 1394 reuersa
348 1339 458 1412 pravo.
498 1335 538 1394 u.
560 1293 808 1412 ermperto
820 1333 996 1392 mmmm.
1032 1293 1098 1392 'un

203 1417 345 1476 Illis-itum
358 1427 399 1476 ost
409 1416 541 1476 laborare
547 1437 603 1494 per
616 1415 768 1485 animalia,
799 1415 851 1472 1v.
875 1411 927 1474 Vel
932 1435 994 1492 per
1002 1433 1097 1473 umen·

200 1509 249 1559 tes.
271 1499 307 1558 V.
322 1497 464 1558 &avitos
471 1501 595 1557 noerio
605 1499 638 1555 in
644 1499 767 1575 strepitu
769 1496 911 1572 judiciali
920 1507 948 1554 et
956 1507 1094 1556 mereatu.

204 1659 400 1726 QUAENAM
422 1661 451 1718 iu
471 1657 526 1720 hoe
546 1672 688 1738 preoepto
710 1670 841 1718 oeusetnr
863 1661 986 1718 materia
1006 1660 1097 1736 gravis

164 1742 304 1802 sufficiens
318 1744 512 1820 adportatum
528 1742 673 1800 mortale?

204 1824 230 1882 Ι.
251 1825 289 1884 R.
316 1825 458 1884 Bonaeiue
472 1836 501 1882 et
515 1823 610 1884 Collet
623 1834 734 1901 putant,
754 1824 877 1890 laborem
901 1823 1038 1880 servilem
1062 1825 1096 1881 ad

164 1925 250 1966 unam
260 1905 357 1966 boram
367 1918 538 1984 protreetum
553 1925 616 1964 esse
630 1905 772 1963 materiam
787 1924 919 1981 gravem:
940 1903 1096 1963 Manchan-

163 1987 221 2046 tius
241 1987 356 2065 requirit
379 2001 436 2046 trss
456 1987 556 2046 horas:
577 1987 623 2046 La
635 1987 721 2046 Croix
734 1988 802 2044 vero
822 2005 887 2045 cum
908 1985 1096 2044 communiori

76 2102 80 2116 ‹
163 2071 303 2130 sententis
323 2070 421 2128 statuit
445 2070 514 2128 duas
528 2068 627 2127 horas:
641 2068 758 2127 'videtur
770 2079 864 2126 tamen
878 2087 942 2126 eum
959 2067 1095 2126 Surrezio

163 2149 248 2210 simul
261 2152 369 2210 attendi
390 2152 493 2210 debere
514 2151 605 2228 operis
627 2151 762 2226 qualitas3
781 2151 853 2208 adeo
871 2162 912 2219 ut,
932 2149 957 2206 si
972 2169 1047 2226 opus
1061 2150 1097 2206 sit

162 2232 245 2291 valde
259 2233 369 2304 servile,
383 2233 486 2302 minum
502 2233 526 2290 si
541 2232 622 2290 valde
632 2232 703 2304 leve,
718 2230 808 2310 majus
819 2231 956 2308 tempor's
970 2231 1095 2308 spatium

163 2314 328 2392 requiratur.

204 2397 390 2462 Quandouem
404 2395 520 2455 materie
533 2393 666 2453 coalescit
678 2393 747 2452 hie?

203 2477 245 2536 ΙΙ.
267 2477 304 2536 R.
321 2479 364 2535 10.
382 2478 502 2542 Quando
516 2477 679 2552 interrupte,
693 2476 752 2534 sivo
766 2475 880 2533 dirersis
894 2473 1023 2551 ejusdem
1039 2475 1094 2533 disi

105 2593 112 2616 a
161 2560 337 2636 temporibus
359 2560 431 2617 flunt
452 2578 537 2636 opere
559 2557 670 2615 servilia
693 2558 727 2615 ab
749 2558 848 2616 eodem
862 2555 992 2626 homins;
1013 2558 1095 2615 secie

162 2641 274 2716 quaudo
285 2641 401 2698 diversis
414 2641 486 2698 fiunt
499 2641 606 2698 diebust

203 2723 250 2780 2⁰.
272 2722 394 2786 Quando
414 2723 510 2799 plures
533 2722 563 2778 in
583 2719 700 2798 gratiam
724 2719 816 2787 unius,
841 2737 868 2776 v.
882 2738 910 2795 g.
932 2720 1093 2778 mandantis

160 2802 288 2862 laborant
311 2804 448 2862 serviliter
472 2805 571 2861 eodem
590 2803 645 2871 die,
667 2802 725 2860 sive
747 2800 905 2860 successive
924 2801 984 2860 sive
1007 2801 1093 2859 simul

161 2885 297 2954 laborent,
318 2897 351 2944 ut
365 2885 530 2944 dictumest
545 2884 583 2942 N.
597 2885 664 2942 162.
684 2890 702 2918 ‘⁴
712 2884 749 2941 de
763 2881 917 2941 Peomtisl’

167 2998 173 3004 ·
204 2967 251 3026 sic
264 2966 348 3026 herus
361 2966 495 3026 manda'ns
516 2967 613 3024 decem
637 2965 757 3034 famulis,
780 2973 813 3022 nt
836 2964 1030 3040 uuusquisque
1044 2983 1093 3040 per

162 3047 258 3106 horam
272 3050 380 3108 laboret
393 3049 538 3116 serviliter,
561 3060 691 3106 censetur
703 3065 820 3124 peoesre
833 3045 1008 3113 mortalitsr;
1028 3045 1092 3121 quia

161 3128 222 3208 ipse
237 3131 436 3207 aequivalenter
449 3131 556 3188 laborat
569 3130 693 3186 omnium
716 3129 855 3198 manibus,
880 3139 914 3186 et
932 3127 1003 3186 feeit
1021 3146 1091 3204 opus

160 3212 261 3270 servile
275 3213 373 3270 decem
387 3210 525 3269 horarum.

203 3292 270 3370 Obj.
291 3294 349 3358 Qui
359 3294 473 3352 mandat
487 3295 587 3350 docem
601 3290 769 3362 hominibus,
783 3303 817 3348 nt
831 3291 948 3368 quisque
962 3290 1010 3348 die
1018 3288 1090 3366 jeju·

160 3373 200 3432 nii
214 3375 363 3433 frustulum
379 3375 458 3452 panis
480 3376 553 3443 edat,
576 3393 632 3431 uon
647 3385 747 3454 peceat
761 3373 933 3431 mortaliter:
957 3391 1028 3450 ergo
1041 3391 1090 3430 uer

160 3457 295 3514 maudaus
309 3457 337 3512 in
352 3476 427 3513 casu.

165 3575 167 3579 -
199 3535 237 3594 R.
258 3536 417 3612 Disperitns
439 3547 491 3604 est,
520 3536 596 3611 quod
619 3536 697 3594 labor
718 3536 835 3593 istorum
849 3533 995 3592 homiuum
1011 3533 1090 3592 cedat

160 3627 245 3690 atque
256 3617 304 3674 fiet
315 3617 439 3675 Domino
451 3617 601 3686 mandenti,
616 3619 661 3676 oui
675 3617 803 3675 illicitum
818 3629 862 3674 est
871 3636 921 3693 per
929 3615 1002 3674 elios
1015 3613 1091 3672 labo·

157 3715 234 3754 rare:
256 3699 394 3758 sedesus
416 3697 463 3756 ills
486 3699 538 3756 vel‘
553 3699 670 3766 nutritio
694 3699 727 3756 fit
747 3697 858 3756 divisim
873 3697 929 3754 illis
942 3696 1022 3774 ipsis,
1044 3696 1090 3772 qui

36 3821 106 3856 n
159 3777 336 3846 manducant,
355 3799 407 3835 nee
421 3779 523 3837 dicitur
537 3779 671 3838 mandans
684 3800 735 3857 per
748 3781 817 3837 alios
831 3780 1010 3837 manducare.

199 3857 247 3912 An
271 3857 447 3998 est?lieitnm
470 3861 562 3919 faeere
576 3880 661 3938 opera
675 3860 786 3920 servilia
798 3877 849 3940 per
861 3859 1003 3933 mimalia,
1023 3879 1050 3918 v·
1063 3878 1091 3936 g·

173 3955 208 3994 ter
222 3957 309 4016 equos
