2226 4064
169 165 227 228 isa
538 179 731 228 rsncrerus

203 331 260 390 111.
285 329 438 398 Ceterum,
460 327 667 388 sioutcharitas
680 329 754 390 bona
766 323 830 388 hac
842 325 909 388 Deo
929 327 1002 400 vult,
1023 340 1054 388 et
1066 331 1099 390 da

161 409 295 472 exhibitis
308 411 420 487 ganda,
432 409 473 468 ita
482 410 568 468 etiam
576 411 642 470 odio
652 409 737 470 habet
746 423 776 470 et
786 412 942 470 demantur
951 424 1098 489 peccatum

162 507 295 572 tanquam
309 495 384 550 hono
397 491 493 550 divino
507 493 697 562 annuariam
716 492 838 569 ideoqua
861 491 983 552 charitas
1005 509 1099 550 sucum

162 573 265 634 habere
279 575 364 632 debet
377 573 509 632 affectum
525 574 678 634 voluntatis
690 575 820 633 sanandi
835 575 929 632 omnia
948 587 1100 652 praccepta,

162 675 196 716 aa
210 657 315 716 vitandi
330 674 413 714 omna
427 667 575 732 paccatum
601 655 702 714 saltam
722 656 853 725 mortula,
876 655 1100 716 st-deaidoriuns

161 739 271 809 efficax,
286 750 317 796 ut
331 738 408 796 idem
422 737 441 796 a
453 737 582 815 proximo
594 747 753 815 prestetur.

180 859 222 920 N.
240 861 307 920 tlt.
348 857 410 920 AN
431 857 732 1001 CHARI'PTffiilT
752 854 932 927 ALIQUID
952 857 1080 920 CREA·

370 1061 405 1122 S.
423 1062 525 1123 iham.
538 1066 568 1122 2.
581 1065 610 1122 2.
622 1073 723 1142 qooest.
736 1065 784 1123 23.
798 1071 856 1123 ort.
869 1065 898 1122 2.

162 1187 188 1248 1.
204 1185 345 1248 choma
358 1194 398 1245 eat
412 1185 487 1265 qttt'd
497 1195 634 1248 oreotwn·
670 1185 711 1246 11.
731 1183 973 1260 QuomodoDeut
986 1185 1101 1246 aicha·

211 1271 295 1328 raas.
334 1267 392 1328 111.
417 1265 568 1342 ρυωιιοᾱσ
579 1265 685 1330 utem
698 1265 866 1328 caesam
879 1271 917 1328 sa
931 1269 964 1326 a
977 1269 1049 1330 nse

201 1389 398 1457 QUAESTIO
412 1402 527 1449 nonest
540 1389 576 1448 de
595 1388 730 1450 charitats
744 1391 848 1450 actuali
860 1413 868 1460 ς
889 1402 999 1449 certrrm
1022 1391 1100 1450 onim

161 1483 215 1543 est,
229 1471 302 1532 hanc
315 1491 377 1530 esse
390 1471 497 1548 aliquid
511 1484 636 1530 creatum
649 1473 679 1529 in
693 1472 795 1543 anirua,
810 1472 926 1531 enimait
939 1483 1028 1542 actus,
1050 1474 1101 1548 qui

160 1554 180 1613 is
193 1553 337 1614 adunata
346 1565 443 1611 nostra
452 1551 580 1623 elicitam
593 1554 645 1612 sed
657 1553 751 1630 agitur
760 1555 797 1613 dc
809 1549 946 1614 charitats
955 1552 1099 1623 habituali,

160 1655 246 1714 quam
260 1636 362 1694 Petrus
376 1627 562 1704 Lombunius,
576 1635 669 1694 dictus
681 1635 814 1712 magister
826 1636 1037 1706 renuntiatum,
1048 1636 1100 1693 do·

161 1717 230 1787 cuit,
243 1735 301 1776 non
314 1737 376 1775 esse
389 1715 496 1793 aliquid
517 1728 642 1774 creatum
667 1717 696 1774 in
720 1718 831 1787 aniam
844 1718 901 1776 aad
921 1718 1014 1795 ipsum
1037 1736 1099 1776 csso

163 1799 300 1877 Spiritum
329 1798 463 1857 Sanctum
486 1798 608 1856 animam
631 1796 844 1869 inhabitantem,
872 1811 902 1856 ct
926 1799 1098 1856 voluntatem

161 1893 322 1940 moventem
337 1880 373 1938 ad
387 1892 482 1938 actum
497 1877 639 1938 charitatis
652 1879 713 1938 sinc
727 1880 822 1956 aliquo
838 1878 936 1938 habitu
949 1880 1103 1940 mediante„

85 1995 88 2011 v
202 1962 227 2021 Ι.
248 1961 278 2021 8.
299 1957 401 2020 Thous.
416 1961 433 2022 ὲ
448 1974 554 2032 contra,
569 1959 650 2040 cujus
664 1963 832 2020 sententiam
847 1959 988 2040 Theologi
1001 1961 1097 2022 unani·

161 2043 291 2104 mitornt
309 2053 414 2102 certam
439 2054 602 2120 sequuntur,
625 2043 718 2114 ducat,
741 2041 908 2103 charitatem
930 2041 1098 2102 habitualem

162 2146 224 2185 csse
237 2124 344 2202 aliquid
358 2135 482 2183 creatum
498 2125 527 2181 in
540 2125 643 2182 anima.

203 2207 343 2266 Probatur
360 2225 399 2264 ex
413 2205 505 2284 Epist.
530 2207 566 2264 ad
581 2206 666 2267 Rom.
678 2223 752 2284 ,aaa
776 2207 806 2264 5.
829 2203 865 2263 V.
890 2207 919 2263 5.
940 2211 959 2241 “
971 2203 1098 2267 Charitas

161 2293 181 2323 “
195 2287 254 2348 Dai
267 2286 370 2346 diffusa
382 2299 426 2346 ast
439 2288 468 2345 in
482 2288 613 2346 cordibus
627 2288 729 2346 noenia
740 2307 791 2368 par
806 2287 942 2366 Spiritum
955 2286 1098 2358 Sanctum,

162 2377 180 2405 ‘¹
194 2371 243 2448 qni
256 2370 340 2429 datus
362 2382 405 2428 cst
423 2367 541 2428 nobis:”
561 2369 610 2427 ubi
633 2372 730 2452 aperta
755 2369 912 2448 Apostolus
936 2367 1098 2428 charitatem

161 2448 340 2528 distinguitis
356 2451 463 2529 Spiritu
478 2447 687 2519 Sancto,'selut
700 2449 833 2510 affectum
848 2449 865 2508 i
882 2471 976 2512 causa.
1019 2451 1098 2509 Idam

161 2545 272 2592 constat
285 2553 322 2592 ex
337 2533 415 2591 Trid.
431 2533 506 2592 Sese.
520 2535 549 2590 6.
563 2551 624 2610 cap.
639 2534 667 2590 7.

202 2613 269 2692 obj.
294 2615 409 2672 Dicitur
436 2616 461 2673 l.
483 2615 568 2674 Joan.
594 2631 656 2691 cap.
680 2613 708 2672 t.
723 2613 761 2672 V.
779 2615 825 2672 16.
846 2613 958 2672 “Deus
973 2611 1099 2674 Charitas

162 2703 180 2731 “
194 2709 238 2755 est
250 2696 276 2755 :⁹⁹
297 2715 365 2774 ergo
378 2695 497 2755 charitas
511 2715 567 2753 non
581 2711 626 2754 est
638 2695 746 2772 aliquid
760 2707 896 2754 creatum.

79 2845 84 2862 ι
202 2777 242 2838 R.
262 2777 336 2854 Neg.
349 2797 427 2837 cons.
442 2777 509 2837 Non
523 2777 598 2836 enim
612 2778 641 2834 in
655 2777 718 2836 loco
742 2775 855 2854 objecto
878 2793 973 2836 sermo
995 2789 1045 2836 est
1067 2777 1098 2834 de

161 2859 306 2929 charitate,
320 2855 376 2936 qui
399 2877 451 2917 nos
475 2860 630 2917 formaliter
650 2859 771 2916 dicimur
785 2856 843 2917 Dei
867 2859 1034 2930 dilectores,
1058 2858 1098 2917 val

156 2943 237 3021 justi,
252 2943 302 3004 sed
316 2943 352 2999 ds
365 2939 501 3000 chariato
515 2941 647 3011 homan,
661 2957 726 3017 quaa
739 2940 822 2998 Deus
835 2954 889 2999 est.

202 3024 317 3083 Dicitur
330 3037 425 3082 autem
439 3023 521 3080 Deus
535 3021 663 3092 charitas,

203 3106 243 3164 11.
266 3107 312 3163 1⁰.
334 3105 529 3163 Essentiaiiter
543 3103 572 3161 in
592 3105 695 3182 seipso,
720 3101 805 3162 sicuti
829 3103 933 3162 dicitur
951 3104 1096 3182 'sapientia

162 3188 283 3256 bonitas,
298 3187 350 3244 &c
364 3207 415 3264 par
428 3187 590 3244 essentium.

203 3272 252 3327 2⁰.
272 3267 431 3342 causaliter
443 3279 473 3326 at
486 3267 655 3328 efficicutart
677 3261 743 3346 quia
765 3263 931 3326 charitatem
949 3265 1040 3325 *nobis
1059 3267 1096 3325 in·

162 3351 264 3409 fundit,

203 3435 253 3491 3⁰.
275 3429 443 3508 Ohjcctivh:
464 3431 530 3508 quia
542 3442 588 3490 est
599 3428 740 3508 objectum
755 3442 859 3488 amna
873 3427 1027 3490 charitatis.

202 3507 271 3574 Uno
285 3531 321 3570 ex
335 3512 378 3570 his
392 3513 483 3571 modis
497 3512 632 3571 solvenda
645 3524 711 3570 sunt
724 3509 806 3590 plura
821 3512 874 3571 88.
889 3512 1006 3570 Patturn
1028 3529 1093 3588 pra·

175 3595 258 3653 ertim
275 3593 304 3652 S.
321 3593 474 3670 Augustini
487 3594 558 3652 loca.

204 3676 344 3734 Instabis:
358 3675 469 3734 videtur
484 3675 512 3734 8.
526 3676 651 3734 somnes
664 3689 748 3754 agera
761 3671 957 3744 dccharitate,
971 3685 1056 3752 prout
1069 3673 1100 3730 in*

171 3758 244 3816 robis
258 3767 318 3814 ast:
339 3755 404 3834 quia
417 3756 510 3815 statim
525 3755 686 3834 subjungitt
708 3760 727 3790 “
736 3755 786 3832 qui
799 3767 893 3814 mmet
910 3756 940 3813 in
954 3755 1094 3822 charitate,

167 3845 183 3876 ¹·
195 3840 225 3896 in
236 3839 302 3898 Deo
315 3846 410 3896 manat
423 3850 453 3897 at
463 3837 544 3897 Deus
554 3838 584 3896 in
597 3855 632 3896 eo
640 3835 666 3907 ;”
680 3837 759 3914 atqui
772 3835 835 3894 hasc
842 3837 927 3898 vstitu
937 3836 1096 3914 intelligun-

163 3934 210 3982 tur
222 3922 259 3980 da
273 3919 417 3994 charitate,
431 3937 495 3997 qna
508 3920 539 3980 in
551 3919 633 3981 nobit
645 3929 709 3980 est:
730 3937 807 3998 crgo,
821 3919 874 3979 &a
