2248 4070
402 181 443 223 na
464 177 620 224 uroraust·
916 165 993 224 367'

84 322 164 385 Hinc
172 327 335 396 notandum,
350 326 442 403 legem
452 319 608 386 Moericum
617 321 673 384 unu
684 325 770 384 brimo
779 324 978 398 universalem,
989 347 993 352 ·

36 429 75 467 ac
91 409 250 468 Ecclesiam
264 409 449 466 universalem
472 422 541 466 tuuc
564 405 711 466 formatam
726 408 812 466 fuisse
826 410 925 485 partim
940 429 979 467 ex

37 491 163 560 Judaeis,
185 490 285 568 partim
308 509 344 547 ex
367 490 531 548 Gentilibus
553 490 763 548 incircumcisis.
805 491 844 547 Et
857 491 897 549 ita
909 491 977 560 lob,

39 573 173 630 Naaman
190 572 285 649 Syrus.
306 572 396 630 etalii
410 573 524 630 fuerunt
537 573 659 630 cultores
673 571 730 629 Dei
745 586 774 628 at
787 571 896 630 fideles.

84 653 153 730 Obj.
170 653 304 712 Gentiles
326 655 464 710 debebant
483 655 629 712 observare
644 653 818 729 Decalogum
841 656 922 730 aequb
943 669 990 712 aa·

38 734 151 792 Judei:
172 753 239 812 ergo
253 734 310 810 legi
325 736 411 792 veteri
427 734 653 811 subjiciebantur.
1009 743 1012 750 ’

85 815 125 873 R.
140 817 216 874 Dist
227 817 353 874 anteced.
359 816 489 875 Gentiles
497 817 637 874 debebant
645 816 791 874 observare
801 817 979 893 Decalogum

40 909 73 954 et
95 909 239 976 praecepta
262 890 383 966 moralia,
405 897 541 973 quatenus
565 911 644 956 eraut
667 897 738 974 legis
761 911 876 968 nature,
899 898 981 976 cujus

39 978 195 1056 praeoaptis
206 997 303 1036 omnes
317 977 443 1038 homines
457 977 649 1056 subjiciuntur,
671 997 751 1036 oona
770 992 861 1054 antec.
882 995 981 1055 quate-

40 1059 694 1221 lliliillil‘llllllllllii'lnlii'
707 1073 816 1200 :lli
841 1061 986 1218 {llll

41 1239 130 1280 retus
143 1224 349 1299 superaddebat
363 1222 435 1299 (logi
449 1219 575 1300 naturae)
594 1243 650 1281 non
665 1225 832 1280 tenebantur
845 1225 930 1300 aliqui
944 1225 980 1282 ad
1040 1255 1042 1260 .

43 1305 252 1362 observantiam
267 1305 338 1380 legis
351 1303 462 1374 veteris,
482 1305 537 1362 nisi
549 1305 627 1362 solus
640 1305 761 1382 populus
775 1305 951 1364 ludaeorum.

87 1386 217 1444 inferes:
238 1405 304 1462 ergo
317 1405 374 1444 non
388 1398 448 1444 erat
460 1387 540 1455 ratio,
555 1405 606 1445 cur
619 1386 743 1445 Gentilis
751 1387 836 1444 lieret
851 1386 981 1464 Prosely-

43 1479 104 1534 tus,
127 1467 191 1526 oirrn
207 1467 252 1524 lex
266 1480 340 1526 esset
355 1487 462 1525 merum
477 1487 557 1526 onus.

92 1549 130 1606 R.
154 1551 183 1606 S.
198 1547 300 1607 Thom.
315 1549 383 1606 ibid.
406 1551 442 1606 ad
467 1554 495 1607 3.
505 1549 636 1608 Gentiles
649 1547 801 1626 perfectius
814 1561 844 1606 et
857 1549 982 1608 securius

46 1630 172 1688 salutem
187 1643 353 1688 consecutos
366 1629 452 1688 fuisse
466 1631 518 1688 sub
532 1631 716 1688 observantiis
725 1630 803 1706 legis,
829 1631 913 1705 quam
929 1633 984 1688 sub

46 1711 112 1770 sola
125 1711 189 1787 lege
203 1711 339 1770 naturali:
360 1732 434 1770 nuuc
448 1712 528 1772 Laici
549 1724 693 1778 transeunt
717 1713 753 1770 ad
768 1712 939 1771 clericatum
953 1725 984 1770 et

49 1793 211 1852 saeculares
232 1794 268 1853 ad
293 1793 481 1870 Religionem,
512 1793 638 1870 quamvis
659 1795 764 1871 absque
787 1792 842 1852 hoc
865 1807 983 1871 possunt

43 1875 159 1934 salvari.
673 1875 677 1883 “

93 1957 171 2014 Nota
185 1976 219 2014 ex
236 1955 265 2015 S.
280 1955 383 2015 Thom.
395 1967 447 2015 art.
471 1955 497 2014 1.
521 1957 557 2014 ad
571 1957 599 2014 3.
613 1956 688 2033 qubd
703 1956 828 2032 quamvis
842 1955 888 2014 lex
903 1967 983 2014 vetus

45 2038 170 2114 gratiam
184 2057 240 2095 non
252 2040 399 2107 conferret,
413 2051 507 2096 tamen
518 2036 677 2096 hominibus
691 2038 813 2114 sublege
824 2036 984 2096 constitutis
1031 2101 1033 2108 ,

45 2140 107 2177 ηοη
122 2121 234 2177 deesset
248 2121 344 2196 gratia,
366 2139 418 2198 per
431 2139 513 2196 quum
528 2120 627 2178 salvari
641 2132 785 2197 poteraut:
806 2132 835 2178 et
844 2119 888 2177 'sia
903 2117 985 2176 Deua

46 2221 106 2259 non
123 2201 271 2259 deficiebat
285 2201 452 2270 bominibus,
473 2201 540 2277 quia
553 2201 594 2259 eis
608 2202 687 2260 durat
700 2201 804 2260 auxilia
817 2200 923 2258 salutis.

92 2283 250 2351 Conclude‚
271 2284 362 2360 legem
378 2293 500 2341 veterem
521 2283 577 2358 qua
600 2283 695 2349 talem,
718 2303 772 2340 uon
787 2282 873 2340 luisse
887 2301 983 2340 uaoes·

48 2364 152 2422 sariam
167 2366 334 2423 necessitate
347 2365 433 2424 madii
447 2365 483 2422 ad
507 2365 635 2435 salutem,
656 2365 729 2422 sicut
743 2364 790 2422 lex
802 2382 875 2422 nora
888 2381 984 2422 ueces-

47 2446 126 2504 saria
138 2458 191 2504 est.
792 2466 795 2472 ¹

49 2609 91 2668 N.
102 2611 151 2668 77.
191 2609 249 2669 DE
263 2607 848 2750 VARIETbfflffiOEPTORUM
863 2605 986 2665 LEGIS

355 2853 390 2914 S.
410 2853 509 2914 nom.
526 2863 627 2932 quast.
640 2855 690 2911 99.

150 3107 154 3116 γ
219 3017 244 3078 Ι.
267 3016 493 3088 Coeremonialr'u,
534 3017 577 3074 ΙΙ.
595 3015 825 3077 EtJudioiatia.

97 3175 386 3246 QUOTUPLIClA
400 3192 479 3238 erant
491 3191 633 3257 precepta
646 3180 716 3255 legis
730 3178 856 3238 ret-eris?
982 3179 985 3188 ’

97 3263 137 3321 R.
159 3261 303 3340 'suplicia
324 3281 427 3337 nempe
440 3263 564 3323 moralia.
579 3261 785 3320 ceremonialia
798 3258 989 3336 etjudiaialia.

100 3343 222 3404 Moralia
244 3344 408 3402 dicebantur
429 3357 570 3422 praecepto
592 3344 663 3419 legis
687 3358 802 3410 naturae,
824 3341 907 3400 etiam
928 3341 986 3408 illa,

57 3445 122 3501 qure
138 3425 259 3482 mediate
272 3437 301 3482 et
312 3428 419 3483 ramme
433 3426 469 3482 ad
483 3426 573 3502 legem
588 3439 693 3483 naturae
708 3426 895 3482 reducuntur:
909 3435 939 3481 et
949 3423 989 3481 ita

56 3519 201 3586 praecepta
215 3519 328 3564 actuum
344 3507 433 3577 Fidei,
450 3506 515 3584 Spei
530 3520 560 3565 ot
575 3507 735 3574 Charitatie,
749 3505 989 3579 aliarumquaVir·

59 3603 151 3646 tutum
167 3589 417 3665 supernaturalium
428 3589 578 3666 preceptis
591 3589 742 3646 moralibus
756 3600 991 3652 annumerentur

59 3671 127 3746 quia
147 3669 282 3728 naturalis
304 3670 351 3726 lex
375 3670 578 3746 supernaturali
604 3669 709 3728 lumine
734 3665 872 3727 illustrata
893 3667 989 3735 dictat,

58 3752 193 3830 praefatos
207 3763 287 3809 actus
302 3769 363 3810 essa
376 3751 602 3826 frequentandos.

101 3833 266 3897 Quaestioue
284 3833 349 3891 100.
374 3845 426 3890 ert.
449 3834 477 3891 Β.
491 3833 520 3890 ἱη
535 3831 666 3910 “Ὀοι·ρ.”
680 3833 764 3890 (locet
784 3831 812 3890 S.
829 3829 882 3888 Th.
897 3829 971 3888 Deae

60 3913 158 3992 logum
180 3913 379 3974 convenienter
401 3914 532 3994 componi
554 3933 590 3974 ex
612 3914 784 3975 mundatis
799 3910 872 3991 juris
884 3925 971 3972 auton
