2226 4064
152 145 212 214 ato
531 163 723 220 aasentias

150 371 154 378 ¹
194 308 273 366 Intus·
284 305 420 384 principia
429 303 500 382 juris
514 319 621 368 astura
635 309 690 368 alia
703 320 769 368 sunt
783 287 920 386 pomaria,
947 327 1013 384 quae
1039 327 1088 385 per

155 409 185 448 se
199 403 265 448 suut
276 389 407 448 omnibus
420 401 496 458 nota,
511 405 589 448 etex
603 391 663 449 sola
676 391 857 448 terminorum
872 391 973 450 notitia
982 391 1088 450 intolli-

124 515 129 526 .
154 485 279 608 ίξιιίιιιιιιι
298 470 381 574 quale
395 483 437 528 est
452 469 524 530 hoc:
546 479 564 506 “
575 469 651 548 quod
665 472 716 530 tibi
730 491 786 530 non
801 474 841 530 vis
856 473 923 543 ficri,
948 473 1035 542 alteri
1056 491 1097 542 ne¹

201 572 296 612 sceris.

199 634 267 692 Alia
280 645 345 691 sunt
359 633 530 703 secundaria,
555 653 619 711 quae
644 634 805 692 immediato
826 647 859 702 *et
883 635 1033 694 evidenter
1057 653 1088 692 ex

49 766 52 774 ,
155 715 293 793 primariis
308 716 502 786 deducuntur:
522 715 589 774 talia
602 727 668 774 sunt
681 728 822 793 praccepta
834 717 985 793 Decologi.

202 797 270 854 Alia
296 797 453 868 remotiora,
483 817 546 872 quae
570 817 626 856 non
654 798 694 855 ita
720 797 873 867 evidenter,
901 799 952 856 scd
979 797 1089 856 tantiam

152 879 280 948 anediatit
294 891 323 940 et
337 897 387 956 per
400 879 613 954 consequentias
626 899 662 936 ex
675 879 812 956 primariis
827 881 1015 950 deducuntur,
1031 899 1055 935 v.
1065 899 1089 955 g.

158 972 335 1020 contractum
347 958 473 1018 mohatra
487 980 548 1018 csse
562 960 701 1021 illicitum.

199 1044 247 1100 An
262 1043 309 1102 lex
322 1054 428 1101 natutae
443 1042 539 1100 eadem
555 1055 598 1098 est
611 1043 686 1118 apud
700 1043 818 1102 omnes?

156 1185 159 1192 ,
199 1123 237 1180 R.
255 1123 449 1192 affirmativo:
471 1123 535 1198 quia
549 1135 593 1182 est
607 1123 704 1183 eadem
729 1123 904 1201 participatio
928 1135 958 1182 et
980 1125 1088 1182 confor-

157 1205 243 1266 mitas
256 1225 321 1264 oum
327 1205 397 1281 lege
422 1216 544 1262 eterna:
565 1224 622 1262 non
645 1216 740 1264 tamen
763 1205 829 1264 ideo
850 1218 894 1263 est
917 1208 1002 1282 aequa
1027 1221 1088 1264 uota

153 1287 234 1364 apud
248 1306 345 1344 omnes
359 1298 496 1362 propter
487 1285 554 1344 vitia
567 1297 596 1344 et
609 1305 707 1362 pravas
721 1287 948 1356 consuetudines.

200 1369 249 1424 An
263 1368 310 1425 on
323 1367 457 1426 natu1·alis
470 1379 564 1444 potest
577 1368 664 1426 deleri
678 1367 715 1425 dc
729 1369 859 1426 cordibus
879 1367 1052 1426 hominum?

200 1449 283 1507 VIII.
298 1441 338 1506 R.
349 1432 412 1506 Lex
426 1461 532 1508 nattuae
546 1463 722 1526 sumptapro
744 1448 880 1508 habituali
901 1471 951 1508 seu
974 1449 1085 1507 radicali

158 1531 265 1591 lumina
293 1531 420 1590 rationis
435 1530 535 1588 animae
558 1531 702 1608 impresso,
725 1531 812 1590 deleti
834 1551 885 1590 seu
909 1531 1014 1602 suferri
1037 1551 1086 1588 non

158 1625 263 1690 potest,
276 1612 425 1688 nequidem
440 1612 608 1706 pattialiter.

201 1694 306 1752 votam
320 1693 436 1752 actualis
447 1693 561 1770 Iulgou'
553 1694 633 1754 istius
647 1693 793 1752 luminis
772 1714 830 1752 sive
840 1675 957 1788 actualis
967 1695 1086 1770 cognitio

158 1787 189 1834 et
211 1775 327 1834 scientia
353 1775 442 1832 minui
466 1786 559 1852 potest
583 1793 633 1852 per
656 1773 743 1833 malas
760 1776 977 1870 persuasiones,
994 1787 1097 1852 pravas*

158 1856 387 1926 consuetudines,
401 1855 512 1918 habitus
526 1867 680 1933 corruptos,
694 1858 846 1934 passiones,
867 1857 977 1932 aliaque
992 1857 1097 1915 similia.

158 1939 378 2015 impedimenta·
399 1951 428 1998 et
441 1937 495 1996 hoc
508 1957 592 1996 sensu
606 1939 730 1998 admittit
745 1939 774 1998 S.
792 1938 845 1996 Th.
868 1959 894 2014 q.
916 1940 964 1996 94.
989 1949 1042 1996 art.
1061 1942 1097 1995 6.

155 2021 250 2096 legem
264 2019 430 2088 naturalem
434 2020 566 2094 quantum
580 2020 616 2078 ad
630 2021 793 2078 secundaria
813 2033 844 2086 et
831 2019 1008 2090 tremotiora
1021 2039 1085 2096 pra·

157 2114 241 2178 cepta
255 2101 343 2160 deleri
357 2119 439 2196 posse
453 2102 488 2158 de
499 2101 630 2160 cordibus
639 2099 811 2173 hominum,
803 2103 966 2177 inquantum
983 2101 1085 2160 scilicet

157 2196 301 2262 praecepta
313 2182 383 2240 illa
375 2183 496 2260 ignorari
510 2194 637 2259 possunt.

200 2265 280 2324 Hinc
306 2266 407 2324 dantur
432 2276 549 2359 peccata
576 2263 739 2340 ignorantiae
767 2275 863 2324 contra
893 2261 940 2340 jus
973 2275 1084 2334 natura

157 2327 216 2408 'An
212 2349 294 2416 ιιιὸ
302 2347 458 2422 ignorantia
471 2345 589 2404 soltom'
581 2365 610 2404 ιιι
624 2345 819 2406 remotiou'bus
840 2357 963 2422 praecept
964 2345 989 2402 is
1003 2346 1083 2438 possit

158 2448 220 2488 esse
247 2429 370 2506 practice
397 2428 574 2496 invincibilis,
603 2427 759 2484 discussum
787 2438 839 2498 est,
867 2426 915 2484 ubi
942 2427 1083 2484 decausis

157 2511 307 2580 voluntarii
342 2509 428 2568 Num.
455 2511 505 2582 47.
532 2510 625 2584 ibique
653 2509 820 2568 sententiam
847 2508 1005 2584 negativam
1036 2508 1084 2564 late

126 2661 128 2666 .
157 2593 344 2668 probavimus.

204 2754 243 2812 N.
260 2757 305 2812 15.
347 2754 404 2812 DE
425 2753 679 2818 MUTATIONE
701 2753 823 2814 LEGIS
845 2751 1042 2824 NATURAE.

309 2879 311 2886 Ι
352 2975 354 2982 ,
371 2971 375 2980 ,
404 2916 439 2976 S.
458 2917 557 2976 ῚῚιοιιι.
571 2927 670 2994 quast.
687 2903 734 2988 94.
750 2892 850 2976 orts5.

158 3085 183 3143 Ι.
200 3079 263 3140 Lot
277 3089 391 3139 uotum
405 3090 446 3139 ιιι
455 3079 649 3138 immutabilis.
684 3080 724 3137 II.
741 3063 910 3138 cmwtliaoo
921 3077 1080 3137 Doctorum.

199 3165 256 3224 ΙΙΙ.
277 3162 340 3222 Luc
360 3172 475 3222 notum
495 3165 579 3230 etiam
602 3171 729 3237 respectu
752 3160 812 3218 Dei
836 3171 876 3218 est
896 3159 1080 3234 immutabilis.

200 3247 253 3304 IV.
274 3243 481 3304 Potesttamen
493 3244 656 3320 aliquando
669 3243 778 3300 nautam*
798 3243 928 3300 materia.
950 3307 954 3314 ,

200 3407 260 3464 AN
274 3407 321 3464 lex
334 3419 441 3466 uaturae
454 3419 548 3481 potest
562 3405 687 3464 mutari?

199 3487 225 3546 I.
240 3488 277 3546 R.
291 3487 451 3546 Dicendum
467 3487 639 3562 simpliciter,
664 3487 754 3562 legem
777 3497 884 3544 uaturae
908 3487 1010 3543 mutati
1032 3505 1078 3542 non

157 3588 258 3660 posse,
275 3570 450 3625 manantibus
477 3569 585 3626 scilicet
606 3567 720 3628 materia
745 3579 775 3624 et
799 3568 1014 3624 circumstantiis
1032 3587 1078 3624 non

157 3649 283 3708 mutatis.
326 3649 410 3706 Ratio
424 3663 475 3717 est,
490 3651 555 3724 quis
568 3650 614 3707 lex
625 3661 731 3708 naturae
745 3667 801 3706 uon
815 3647 948 3718 continet,
961 3649 1013 3706 nisi
1026 3668 1078 3724 quae

159 3731 309 3790 inttinsecc
324 3742 400 3786 etex
414 3743 571 3788 naturasua
584 3733 657 3788 bono
670 3743 735 3787 sunt
746 3731 790 3788 vel
804 3731 892 3788 mala:
909 3749 976 3807 ergo
990 3730 1078 3788 eidem

164 3831 260 3868 nonen
263 3815 291 3866 te
263 3811 402 3866 italiam
416 3831 507 3868 rerum
522 3813 628 3882 natura,
639 3812 805 3870 necessario
826 3812 883 3871 illae
907 3825 1018 3872 manent
1037 3831 1078 3889 per

168 3895 254 3972 Iegem
268 3902 375 3952 naturae
389 3905 537 3970 praceptae
553 3895 596 3952 vol
611 3893 767 3971 prohibita.
