2188 4052
347 181 390 224 mr
410 179 573 224 accursu.
590 165 593 170 '
868 162 924 224 141

18 325 254 406 Archi-Episcopo,
276 325 400 386 Primate
413 325 458 394 vel
474 323 635 386 Patriarcha
656 325 835 386 convocanda
855 345 926 398 essa,

17 412 76 490 apud
89 429 180 468 omnes
193 409 222 466 in
238 409 366 466 confesso
381 419 441 478 eet;
462 409 512 467 sed
535 407 654 484 quaestio
676 419 720 466 est
741 407 777 466 de
797 409 926 468 Concilio

17 491 120 570 pueruli
133 509 196 548 cnm
210 488 361 561 haereticis,
375 491 423 568 qui
432 489 481 569 jus
492 489 563 548 illud
578 487 750 549 convocandi
759 489 926 568 Imperatori

17 573 165 634 adscribunt.

47 654 66 712 l.
86 653 188 712 Contra
201 671 272 728 quos
287 651 427 712 Catholici
441 652 551 723 docent,
561 651 609 731 jus
632 651 703 711 illud
726 652 761 710 ad
777 651 926 711 Summum

17 735 161 796 Pontificem
175 734 334 810 pertinere:
355 735 421 810 quia
445 745 489 792 est
510 735 597 794 totius
612 733 749 794 Ecclesia
764 735 876 812 Caput3
896 747 926 793 et

16 815 66 876 binc
77 815 142 874 dicit
156 815 186 874 S.
201 813 304 873 Tlrom.
328 818 357 873 2.
382 817 409 872 2.
433 828 532 891 quaest.
558 817 584 874 1.
607 828 659 874 art.
687 815 732 873 10.
746 815 775 872 in
796 813 927 893 “corp’'

18 897 80 955 “td
93 895 179 954 solam
203 895 401 955 authoritatem
418 895 527 956 Summi
542 896 687 956 Pontificis
709 897 834 974 pertinet
853 915 927 955 nova

17 978 114 1036 “editio
129 977 266 1055 Symboli,
291 979 364 1037 sicut
387 990 417 1036 et
438 978 533 1036 omnia
555 979 618 1047 alia,
644 998 706 1054 quae
730 977 870 1056 pertinent
889 979 926 1036 ad

17 1065 29 1096 “
39 1071 114 1117 totam
130 1059 297 1130 Ecclesiam,
310 1073 344 1118 ut
364 1079 533 1137 congregare
549 1059 694 1139 Synodum
718 1059 875 1137 generalem
892 1063 927 1119 'et

17 1141 82 1200 “alia
94 1139 281 1218 hujusmodi.”

43 1223 75 1280 ll.
96 1221 185 1280 Prout
201 1221 311 1280 Summi
326 1221 471 1280 Pontificis
485 1233 528 1280 est
543 1221 700 1283 Concilium
716 1221 844 1299 gencrale
859 1241 925 1282 oon-

15 1323 116 1382 gregare,
130 1303 171 1361 ita
184 1301 310 1380 ejusdem
325 1316 369 1361 est
383 1303 453 1361 illud
468 1304 631 1362 continuare
646 1304 688 1362 rel
704 1304 865 1364 dissolvere.

44 1383 102 1462 Obj.
125 1385 225 1444 Priora
250 1385 377 1444 Concilia
403 1385 545 1462 generalia
571 1397 723 1444 convocatu
750 1387 864 1444 luerunt
889 1386 926 1446 ab

16 1465 213 1542 inperatoribus
228 1465 398 1526 Catholicis:
419 1485 494 1544 ergo,
510 1468 562 1526 &a

43 1549 75 1606 ll.
93 1547 127 1605 Id
141 1549 248 1606 factum
263 1559 306 1606 est
320 1560 445 1624 rogante,
468 1547 513 1606 vel
538 1547 740 1618 consentiente,
759 1547 804 1606 vel
825 1546 925 1608 saltem

15 1629 223 1688 convocationem
247 1641 335 1688 ratam
356 1629 475 1688 habente
492 1628 609 1688 Saturno
624 1620 770 1688 Pontifice.
811 1628 925 1688 Deinde

15 1711 49 1768 illa
60 1711 220 1770 convocatio
233 1711 402 1788 quaudoque
425 1710 593 1768 adscribitur
608 1711 833 1788 Imperatoribus,
859 1710 926 1787 quia

14 1793 172 1869 congregatio
186 1792 271 1850 fiebat
284 1812 381 1852 eorum
395 1792 563 1870 sumptibus,
585 1792 630 1852 vel
648 1791 677 1850 in
691 1791 814 1869 ipsorum
828 1792 925 1852 civita·

14 1873 79 1934 tibus.
829 1871 833 1878 ’

42 1952 123 2032 Cujus
139 1965 183 2014 eet
195 1953 347 2032 praesidere
362 1952 497 2015 Conciliis
511 1953 709 2032 generalibus?

43 2036 74 2093 ll.
95 2035 207 2094 Summi
222 2037 367 2094 Pontificis
380 2035 425 2094 vel
439 2055 490 2113 per
503 2057 543 2111 se,
565 2035 611 2094 vel
633 2056 684 2113 per
704 2055 770 2094 euos
784 2034 924 2114 Legatos:

14 2117 61 2194 qnia
73 2129 114 2176 eat
128 2138 255 2176 summus
270 2117 377 2176 Rector
397 2129 427 2176 et
441 2117 535 2195 Caput
549 2117 702 2186 Ecclesiae;
725 2118 828 2178 deiude
848 2117 924 2176 illiue

16 2211 45 2256 eat
61 2199 218 2276 presidere,
242 2197 321 2275 cujus
345 2209 389 2257 est
412 2217 576 2267 convocare,
601 2211 634 2257 ut
653 2210 730 2276 patet
745 2199 774 2257 iu
789 2198 925 2260 Conciliis

16 2279 178 2348 Diocesanis,
195 2279 400 2348 Nationalibus,
423 2281 475 2338 &c
496 2279 574 2356 atqui
588 2277 733 2338 Pontificio
754 2292 797 2339 est
821 2299 924 2340 convo·

17 2379 76 2420 rare:
94 2381 172 2438 ergo,
188 2363 240 2420 bro.
281 2361 405 2420 Accedit
417 2372 570 2440 perpetuus
585 2381 653 2420 tutas
667 2381 700 2420 ac
714 2361 806 2440 praxis
821 2361 924 2422 Conci·

17 2441 91 2500 iorum
105 2443 289 2520 generalium.

43 2523 98 2600 Obj.
112 2525 300 2603 Imperatores
310 2524 442 2601 leguntur
454 2523 603 2601 aliquando
616 2523 780 2602 praesedisse
790 2521 925 2585 Couciliis

17 2603 205 2664 Orientalibus:
225 2625 301 2682 ergo,
317 2607 369 2664 bec.

43 2687 72 2745 R.
91 2688 128 2745 Id
141 2688 232 2764 accipi
246 2707 303 2745 nou
318 2687 401 2745 debet
414 2687 450 2746 de
463 2686 641 2764 praeuidentia
654 2685 859 2758 authoritatira,
873 2686 924 2746 aed

16 2765 144 2828 honoraria
189 2769 286 2826 Primo
300 2771 367 2846 ergo
381 2768 445 2827 loco
466 2769 599 2826 sederunt
620 2766 732 2826 honoria
747 2767 842 2839 causi,
866 2787 924 2827 non

17 2859 121 2925 tanquam
137 2847 335 2908 authoritatem
350 2851 380 2907 in
394 2869 490 2908 causas
506 2849 613 2928 Synodi
627 2849 770 2920 habentes,
794 2851 844 2909 sed
862 2861 924 2908 tan·

15 2949 76 3004 quam
89 2933 212 2990 fautores
226 2943 255 2990 et
270 2933 438 3000 defensores,
447 2943 589 3006 testesque
600 2951 707 2999 eorum,
716 2951 780 3008 quae
790 2931 926 3008 gereban-

17 3023 60 3068 tur:
72 3014 144 3070 unde
159 3013 272 3090 quando
286 3013 509 3090 subscripserunt
524 3012 668 3083 Conciliis,
684 3013 713 3070 id
727 3033 782 3070 non
797 3013 925 3072 feceruut

17 3105 121 3169 tanquam
137 3094 313 3165 definientes,
328 3094 378 3153 sed
392 3105 424 3152 ut
438 3093 654 3166 consentientes,
676 3105 762 3153 testes
775 3113 808 3153 ac
829 3093 925 3154 obedi·

18 3188 80 3232 tntae.

43 3256 90 3314 111.
109 3255 219 3315 Pariter
239 3257 275 3314 ad
291 3255 437 3315 Summum
452 3255 619 3314 Pontificem
643 3267 752 3334 spectat
771 3255 925 3334 approbare

17 3335 121 3396 Concilio
133 3337 274 3414 generalia
288 3349 419 3414 tanquam
434 3337 511 3405 talia,
523 3338 589 3395 dum
605 3337 660 3395 illis
671 3338 855 3414 personaliter
867 3356 925 3396 uon

18 3419 87 3486 udest;
107 3420 146 3478 ita
160 3432 193 3477 ut
206 3419 267 3477 eine
287 3418 348 3496 ejus
368 3419 567 3496 approbatione
590 3418 787 3478 authoritatem
802 3419 925 3480 Concilil

19 3501 130 3572 generalis
150 3521 208 3558 nou
230 3498 369 3558 habeant:
390 3512 474 3576 atquc
496 3500 562 3558 idco
585 3513 642 3558 tam
664 3501 773 3559 solicito
796 3501 924 3561 Concilia

19 3582 139 3652 generalia,
154 3582 302 3660 ipsumque
317 3581 512 3639 Tridentinum
530 3581 547 3640 a
563 3579 635 3640 Sede
647 3581 814 3660 Apostolica
824 3581 923 3640 confir·

19 3663 140 3720 nationem
156 3664 270 3740 petiisse
284 3663 424 3740 leguntur.

46 3742 69 3800 Si
82 3744 213 3802 Pontifex
234 3745 384 3821 praesideat
406 3763 458 3820 per
470 3741 602 3820 Legatos,
626 3753 702 3811 tunc,
721 3742 745 3799 si
759 3741 859 3818 Legati
873 3739 922 3800 lra-

18 3821 77 3881 beant
89 3826 288 3883 instructiones
302 3823 466 3883 bPontifice
476 3825 551 3883 circa
561 3823 731 3882 definiendas
745 3823 912 3900 questiones

21 3907 143 3979 usquead
159 3907 293 3966 amussim
307 3918 459 3984 sequautur
473 3906 502 3964 in
521 3905 679 3966 definiendo
704 3923 768 3963 cum
783 3901 908 3963 Concilio
