2248 4070
159 125 219 212 836
535 175 735 220 rnscrnrus

70 393 71 402 ἵ
198 319 240 378 'R.
256 319 301 377 Ex
314 319 468 378 intentione
478 320 667 397 precipientis
683 339 823 398 expressa,
832 341 868 380 ex
881 319 983 389 verbis,
995 283 1111 378 consu·

162 402 286 468 etudine,
297 415 345 458 aut
359 402 421 460 aliis
434 403 669 460 circumstantiis:
691 403 791 478 quibus
805 403 927 472 attentis,
940 402 965 460 si
976 400 1112 458 dubium

162 496 258 547 restet,
263 481 448 558 judicandum
459 496 502 540 est
512 484 593 559 plura
601 497 742 566 praecepta
752 485 852 544 cadere
862 505 944 561 super
954 483 1113 542 diversam

162 565 326 631 materiam
347 579 406 622 tum
422 565 487 640 quia
507 564 560 622 hoc
583 577 626 622 est
648 565 746 634 tutius,
765 579 825 627 tum
847 566 912 642 quia
931 563 1115 640 regulariter

163 659 335 723 praeceptam
351 665 453 704 novum
469 647 666 722 superveniens
686 647 760 706 solet
773 649 873 706 cadere
887 647 915 704 in
929 665 1042 704 novam
1061 663 1114 698 seu

163 727 234 786 alitis
248 747 303 786 non
314 739 484 804 praeceptam
497 727 638 786 materiam
649 751 656 794 ;
665 726 724 804 jam
736 742 838 798 autem,
848 742 881 786 nt
890 727 975 786 habet
986 724 1115 800 Regula

85 828 89 837 ¹
163 811 215 867 45.
243 808 316 888 juria
350 811 380 868 in
413 812 442 868 6.
478 809 676 886 “Inspicimns
710 809 738 866 iu
773 811 906 880 obscuris,
942 809 1027 885 quod
1070 817 1116 862 est

165 897 183 924 “
199 891 386 959 verisimilius,
402 891 447 948 vel
462 891 536 966 quod
550 891 715 966 plerumque
729 891 790 952 fieri
803 890 975 949 consuerit.'’

170 1025 174 1042 ,
207 973 253 1032 lta
277 973 471 1032 Confessarina
492 973 565 1030 'solet
589 991 640 1047 pro
664 973 827 1048 penitentie
850 973 998 1049 imponere
1018 986 1117 1045 opere

138 1124 140 1128 Ι
165 1055 278 1112 aliunde
287 1054 419 1118 indebita,
429 1053 494 1130 quie
501 1053 622 1112 intendit
630 1053 744 1130 injicere
754 1075 857 1112 novum
869 1073 939 1110 onns
948 1055 980 1110 in
990 1069 1117 1128 poenam

166 1148 346 1212 peccatorum
359 1156 367 1192 ι
381 1136 405 1192 si
415 1148 509 1194 autem
524 1136 606 1193 sacris
615 1135 764 1210 aliquando
778 1136 853 1206 facit,
862 1137 935 1194 solet
944 1135 977 1194 id
989 1151 1118 1210 expres-

167 1219 198 1276 se
212 1217 362 1274 declarare.

206 1298 316 1363 Quidni
328 1297 521 1358 confessarius
532 1297 659 1374 injungat
669 1317 720 1375 pro
730 1298 900 1375 paenitentia,
912 1313 944 1356 ut
953 1295 1119 1364 Paenitens

164 1399 354 1458 parmensem
369 1379 485 1454 singulis
510 1379 740 1440 diebus'iatersit
766 1381 851 1440 Sacro
875 1393 904 1438 et
926 1378 1001 1438 nihil
1028 1377 1116 1436 aliud

166 1462 323 1539 exprimata
343 1481 379 1518 an
392 1461 545 1518 satisfaciet
558 1461 642 1519 unico
658 1461 743 1520 Sacro
757 1463 804 1520 die
818 1463 925 1520 Festo?

201 1543 244 1602 R.
256 1563 322 1610 ¹cum
339 1542 465 1600 Antcine
479 1555 508 1600 et
524 1542 618 1602 Callet
632 1542 814 1602 affirmative:
835 1545 908 1621 qnia,
922 1555 956 1600 ut
972 1541 1118 1600 observat

168 1625 272 1692 Collet,
285 1625 366 1682 'tunc
387 1623 583 1702 Confessarius
606 1625 738 1701 praesum‘i
760 1638 855 1702 potest
877 1626 1054 1691 concedere,
1083 1635 1118 1678 ut

167 1707 305 1786 paenitens
318 1705 470 1764 satisfaciat
483 1705 568 1764 unico
581 1719 647 1766 actu
659 1720 801 1784 praecapto
816 1707 952 1767 Ecclesiae
969 1720 1002 1764 et
1016 1703 1117 1781 ipsius

147 1787 348 1854 ‚confessarii
363 1788 429 1845 dum
451 1787 615 1864 paenitentia
635 1786 726 1846 adhuc
745 1789 812 1848 satis
836 1789 920 1864 longa
938 1801 1060 1852 manet,
1083 1798 1118 1842 ut

81 1872 87 1882 '
165 1867 1119 1947 videriposaitpeccatisproportionata,quodlocumhabetincasu

186 1953 267 2010 usito.
785 2005 787 2013 ι

164 1973 184 2030 p
208 2034 299 2092 Aliud
313 2044 366 2099 est,
381 2031 405 2088 si
418 2033 542 2108 alioquin
555 2032 722 2110 poeuitantie
735 2033 860 2112 injuncta
872 2033 950 2092 nulla
962 2044 1020 2092 aut
1036 2031 1120 2108 pene

165 2115 244 2173 nulla
271 2107 442 2182 remanerem
463 2126 532 2172 tunc
559 2114 633 2172 enim
663 2116 856 2175 Confessarius
882 2125 1119 2192 praesumeratur

165 2197 333 2273 imposuisse
348 2195 547 2271 obligationem
561 2195 696 2254 diversam
711 2199 746 2254 ab
760 2198 873 2256 aliunde
887 2207 1064 2256 contracta:
1090 2205 1120 2250 et

166 2277 242 2347 hinc,
267 2277 292 2334 si
306 2277 500 2336 Confessarins
524 2275 652 2354 injungat
673 2279 808 2354 operario,
833 2291 865 2338 ut
888 2299 914 2336 v.
935 2298 964 2354 g.
979 2297 1039 2353 per
1055 2287 1119 2332 tres

166 2441 313 2518 exprimat,
328 2439 384 2496 illis
398 2440 496 2497 diebus
511 2439 582 2497 duas
596 2439 700 2498 Missas
715 2442 820 2500 audire.

168 2543 171 2550 ’
208 2523 239 2582 Si
253 2523 316 2598 quis
329 2521 395 2578 verb
419 2520 503 2578 unico
527 2533 592 2578 actu
614 2521 765 2580 intenderit
788 2523 946 2580 satisfacere
971 2521 1120 2598 pluribus

165 2603 392 2680 obligationibus,
399 2601 726 2661 censebitursatisfccisse
736 2603 835 2680 majori
843 2617 872 2661 et
881 2604 970 2678 magis
980 2601 1120 2679 urgenti.

208 2686 238 2745 Si
253 2685 314 2762 quis
329 2696 423 2741 autem
434 2683 483 2740 uni
493 2683 657 2760 obligationi
668 2705 725 2761 prae
735 2685 790 2743 alia
800 2686 959 2743 satisfacere
970 2684 1120 2742 intende·

88 2777 95 2792 ¹
165 2770 211 2836 rit,
226 2768 281 2835 isti,
296 2785 353 2823 nou
366 2766 447 2822 alteri
461 2765 627 2824 satisfecisse
636 2763 788 2842 judicatur,
802 2767 855 2824 nisi
880 2785 945 2824 cum
966 2783 1120 2842 expressa

165 2850 310 2908 voluntate
325 2846 462 2924 implendi
475 2867 568 2912 unam,
583 2845 724 2906 habuisset
739 2849 909 2908 voluntatem
931 2847 1121 2924 implicitam

165 2944 215 2990 aut
224 2927 462 3006 interpretativum
474 2928 608 3005 implendi
619 2929 751 2988 altarum:
766 2943 795 2990 et
804 2931 844 2988 ite
854 2929 902 3006 qui
912 2929 993 3004 uouit
1003 2929 1121 2986 audire

166 3013 286 3071 Missam
302 3011 347 3068 cui
372 3009 498 3068 interfuit
522 3010 576 3078 dia,
600 3030 684 3086 quem
708 3013 852 3088 ignorabat
874 3031 934 3070 ease
955 3011 1119 3080 festivum,

164 3094 300 3153 satisfacit
313 3107 455 3169 praeceptn
470 3091 616 3160 Ecclesia,
631 3111 688 3150 non
702 3106 777 3152 voto.
874 3147 880 3156 ,

166 3257 204 3334 N,
219 3257 268 3314 54.
310 3253 370 3312 AN
385 3253 535 3312 EODEM
550 3253 753 3312 TEMPORE
769 3253 911 3314 POSSIT
927 3253 1121 3314 SATISFI·

204 3337 291 3479 {1ng
293 3335 515 3478 liSLFUfflBUS
550 3335 792 3396 PRAECEPTIS
824 3336 905 3395 PER
935 3335 1122 3396 PLURES

166 3581 191 3639 1.
204 3579 287 3638 Licet
294 3581 414 3660 recitare
425 3577 526 3636 Horas
539 3577 592 3636 sub
601 3577 697 3638 Musa
704 3579 739 3636 de
745 3589 896 3656 precepto.
929 3579 972 3638 11.
989 3579 1044 3638 Ta
1067 3608 1071 3621 ‹
1086 3604 1093 3613 ¹

341 3661 400 3718 nisi
414 3659 580 3735 adsitjurta
594 3679 694 3731 conca,
707 3679 767 3720 non
781 3663 919 3720 conuenit.

206 3821 319 3880 RESP.
330 3818 501 3890 affirmative,
512 3821 597 3880 modb
611 3821 653 3878 illi
666 3832 751 3902 actus
760 3822 816 3881 sint
829 3822 903 3880 inter
916 3842 947 3881 se
961 3826 1109 3900 compati

172 3903 244 3975 tiles,
260 3914 289 3962 at
301 3913 441 3986 precepta
454 3901 503 3960 illa
515 3921 572 3961 non
586 3902 642 3962 sint
661 3903 778 3965 diversis
799 3904 975 3984 temporibus
998 3905 1102 3966 affixa
