2216 4056
167 143 227 200 174
341 123 344 129 ¹
538 161 732 204 suessanus

167 305 345 374 tenuitatem,
367 302 476 363 summi
499 306 584 364 animi
608 305 794 364 submissione
818 305 914 364 Deum
927 315 1097 370 venerantur,

169 406 233 445 cum
243 387 363 462 qnidam
374 389 458 446 etiam
470 389 536 463 fugit
544 387 662 446 curiosae
671 387 892 464 investigationis
902 373 1102 466 tantm-Mopsi

167 469 234 528 tatis
246 493 253 536 3
273 469 348 526 unde
362 469 409 527 hio
423 470 507 526 timor
521 471 707 528 communiter
722 483 837 528 vocatur
850 467 1052 525 reverentialis.
1101 475 1102 536 1

211 552 277 616 Quo
300 571 383 608 sensu
406 552 509 608 dieitur
533 555 557 608 l.
571 553 690 611 loannis
711 571 772 628 oap.
797 553 825 609 4.
847 551 884 608 V.
909 551 954 606 18.
976 556 994 584 ‘⁴
1007 548 1089 606 Timo

170 637 317 690 “nonest
337 633 366 690 in
392 633 534 704 charitate,
560 635 610 690 sed
634 635 758 711 perfecta
782 632 901 692 abolitas
922 633 998 688 forae
1019 629 1089 688 mitti

170 721 189 748 “
203 713 373 772 timonem?”

211 796 249 854 R.
263 796 389 872 Intelligi
402 806 496 874 potest
510 797 547 853 do
561 797 661 854 timore
673 807 786 874 sumpto
799 815 850 873 pro
864 795 1006 853 anxietate
1021 813 1075 870 opp

171 878 225 935 slta
239 878 359 947 fiduciae,
374 891 424 935 aut
437 880 520 935 bonae
535 879 725 947 conscientiae,
752 878 795 935 vel
821 879 856 934 de
881 877 985 934 timore
1004 875 1100 939 servili,

171 957 309 1035 quatentis
324 959 443 1017 charitas
458 961 574 1036 expellit
596 961 786 1030 servilitatom,
812 971 841 1017 et
862 959 994 1018 timorem
1016 958 1077 1035 ipsu
1101 1015 1102 1030 p

171 1041 264 1116 quoad
278 1041 460 1100 substantiam
480 1041 620 1101 diminuit.
671 1049 678 1067 .

335 1204 375 1262 u.
393 1205 460 1263 105.
500 1205 559 1264 nn
580 1203 747 1264 11110111
770 1163 949 1264 snuvtnn
1101 1263 1102 1280 p

379 1371 409 1428 S.
428 1367 528 1426 ibam.
543 1370 571 1425 2.
585 1371 614 1424 2.
629 1377 727 1444 quaest.
746 1370 791 1426 19.
806 1377 862 1425 ort.
877 1369 906 1424 4.
1101 1287 1102 1334 l

174 1531 199 1588 Ι.
226 1530 325 1590 Timor
338 1531 452 1589 servilis
465 1531 556 1590 muns
575 1529 731 1588 seeundum
752 1529 951 1588 substantiam.
995 1527 1036 1585 Il.
1062 1527 1093 1583 Ti

214 1631 278 1668 mor
291 1613 431 1670 serviliter
444 1614 557 1671 servilis
580 1612 676 1670 molus
699 1623 759 1702 esss
788 1613 845 1672 Ill.
873 1610 974 1670 ltmor
998 1607 1093 1667 seroil'

209 1695 336 1769 pertimet
347 1696 389 1752 ad
400 1715 486 1772 spem.
864 1712 867 1718 ·

217 1853 278 1912 AN
291 1857 376 1914 timon
389 1857 496 1914 servilis
511 1868 555 1914 eet
570 1858 682 1916 bonus?

216 1937 240 1994 1.
262 1937 427 2014 Respondet
450 1939 479 1998 S.
494 1937 596 1996 Thom.
619 1940 693 2014 quod
717 1938 802 1995 timon
825 1937 933 1996 servilis
955 1937 1079 2008 secund*¹

175 2037 255 2076 suam
271 2021 452 2079 substantiam
478 2023 568 2078 bonus
591 2021 636 2090 sit,
662 2021 712 2078 sed
734 2020 810 2095 qubd
834 2019 973 2078 servilitas
994 2017 1057 2095 ejus
1076 2017 1095 2073 si

175 2101 257 2158 male.

218 2183 306 2246 Quod
319 2183 404 2240 timor
417 2183 524 2241 servilis
538 2183 690 2241 seeunddm
706 2183 888 2240 substantiam
905 2183 997 2239 bonus
1010 2183 1057 2250 sit,
1077 2201 1090 2236 e

178 2283 213 2322 eo
227 2265 378 2340 probatur:
401 2266 467 2340 quia
490 2265 559 2322 nihil
584 2265 661 2322 aliud
683 2266 837 2323 seeundum
861 2264 1048 2321 substantiam
1071 2283 1096 2319 es

179 2344 265 2420 quiam
289 2347 374 2404 timor
395 2367 505 2423 poenae;
525 2367 607 2423 poene
631 2359 725 2404 autom
751 2367 777 2403 v.
800 2367 827 2422 g.
852 2344 990 2421 gehennae
1013 2345 1091 2402 merit

178 2429 312 2486 timetur:
334 2449 410 2503 ergo,
425 2429 477 2487 &o

219 2507 299 2566 Idem
312 2513 445 2586 probatur
455 2529 492 2568 ex
508 2509 614 2568 Mattb.
628 2529 689 2587 cap.
703 2511 749 2566 lo.
763 2510 800 2566 V.
812 2509 859 2565 28.
874 2509 923 2564 nbi
938 2508 1009 2566 dioit
1022 2507 1066 2568 Cb
1080 2507 1085 2518 '

179 2601 245 2647 tusa
261 2596 279 2624 “
292 2591 402 2648 Timete
414 2613 488 2664 enm,
503 2592 551 2667 qui
565 2604 698 2669 potestat
712 2592 831 2649 animam
843 2602 872 2648 et
887 2609 989 2666 eorpus
1000 2591 1085 2666 perdo

179 2677 199 2706 ⁴‘
213 2671 242 2728 in
256 2671 437 2748 gehennam.”

222 2753 296 2810 Item
310 2773 345 2810 ex
361 2755 450 2813 Cone.
464 2753 592 2812 Tuidsnt.
608 2753 682 2812 Sess.
700 2757 728 2811 6.
749 2749 810 2811 oan.
834 2753 862 2810 8.
885 2758 902 2788 ‘⁴
914 2753 945 2811 Si
969 2755 1036 2828 quis
1058 2752 1098 2808 dix

181 2840 201 2870 “
215 2835 278 2904 erit,
293 2834 428 2912 gehennas
442 2847 558 2906 metum,
576 2857 629 2913 per
650 2855 733 2911 quom
756 2837 792 2893 ad
816 2835 1038 2893 misericordiam

182 2923 200 2951 ‘⁶
215 2919 251 2975 de
264 2918 388 2995 peccatis
402 2919 532 2988 dolendo,
548 2919 733 2993 confugimus,
748 2917 792 2974 vel
815 2915 832 2974 ia
856 2929 973 2993 peooato
996 2917 1087 2974 obstin

182 3004 201 3032 “
216 3019 288 3071 mus,
301 3012 447 3076 peceatum
460 3020 530 3069 esse,
542 3013 591 3057 aut
600 3013 762 3076 peccatores
773 2998 882 3076 pejores
891 3001 994 3065 lacere,
1005 2995 1087 3054 anath

182 3085 202 3116 “
216 3101 263 3138 ma
276 3080 339 3139 sit.”
361 3081 400 3138 Et
416 3081 489 3140 Sese.
509 3083 554 3138 14.
568 3101 629 3157 cap.
651 3083 679 3138 4.
702 3083 793 3148 docet,
818 3081 948 3137 timorem
973 3078 1082 3154 gebenn

181 3163 207 3220 si
215 3163 388 3221 voluntatem
397 3163 533 3239 peccandi
543 3163 683 3231 excludat,
693 3183 754 3220 esse
765 3163 868 3219 donum
878 3162 945 3231 Dei,
956 3173 987 3218 et
998 3157 1096 3237 spirit*

183 3243 281 3302 Sancti
305 3245 467 3322 impulsum,
491 3265 524 3302 ec
548 3243 691 3302 bominem
716 3245 864 3320 disponens
888 3243 924 3300 ad
946 3243 1065 3318 gratiam
1089 3239 1096 3295 i

173 3324 366 3384 'sacramento
382 3326 558 3384 Poenitentiae
572 3327 784 3404 impetiendam.
1101 3321 1102 3340 ¹

226 3407 366 3465 Probatur
380 3409 462 3465 etiam
478 3429 513 3466 ex
537 3409 769 3466 condemnatione
792 3406 1013 3484 propositionum
1029 3383 1102 3544 Qnap

182 3485 252 3544 nelli
265 3488 295 3544 in
309 3489 394 3546 Bulla
415 3496 432 3524 “
443 3489 640 3565 Unigenitus,”
655 3489 672 3546 ὲ
686 3491 735 3546 to.
762 3509 851 3565 usque
872 3489 908 3546 ad
931 3490 979 3545 64.
1000 3487 1068 3544 item
1083 3505 1096 3542 e

185 3571 233 3626 14.
248 3579 277 3624 et
295 3571 340 3626 15.
353 3571 515 3648 proscriptis
529 3572 563 3628 ab
579 3571 743 3628 Alexandro
757 3571 842 3628 Vlll.
1101 3563 1102 3590 ¹

226 3647 354 3706 Tandem
365 3651 448 3708 timor
458 3653 506 3710 illo
515 3665 608 3730 potest
619 3653 740 3710 ordinari
748 3653 777 3709 in
787 3653 892 3720 Deum,
903 3649 976 3708 siout
987 3650 1015 3706 in
1025 3639 1102 3738 finoni

184 3729 413 3868 l‹paodrpoptingit
425 3733 455 3792 in
479 3733 598 3796 habente
622 3734 795 3809 charitatem,
821 3745 853 3792 ut
874 3734 958 3794 docet
974 3732 1003 3791 S.
1018 3731 1102 3818 Thon

216 3829 262 3868 oa
289 3851 296 3868 .
332 3851 339 3870 .
