2216 4056
158 104 216 160 112
490 119 691 171 retornus,
707 102 759 162 &a

198 264 305 322 Sexta:
337 249 389 342 pio
417 265 567 323 traditione
595 221 762 334 habendum,
791 266 926 343 quidquid
955 255 1087 327 Ecclesia

76 429 83 450 .
158 344 306 405 Catholica
319 367 370 424 pro
385 347 435 405 tali
449 347 534 406 babet
549 349 591 406 vel
607 347 738 406 declarat.

94 593 97 603 .
156 507 194 610 il.
206 509 255 566 69.
276 510 335 568 DE
349 511 523 570 JUDlCES
533 509 957 572 CONTROVERSIARUM
968 511 1087 570 FIDEl.

178 670 202 728 1.
224 671 339 731 Praeter
353 674 483 750 requiam
494 673 573 750 fidei
586 674 779 730 inanimatam
795 693 866 750 opas
879 684 920 732 ert
932 677 1070 733 animata.

200 836 260 893 AN
249 849 377 930 praeter
393 836 563 912 Scriptorum
581 836 693 894 Sacram
709 849 738 893 et
753 837 944 895 Traditionem
957 838 1087 895 'Divinam

160 917 215 974 alia
228 901 295 975 fiilei
308 918 407 994 regula
420 933 463 974 est
453 919 677 976 tadmittenda?

200 999 223 1055 1.
250 999 286 1056 li.
314 1000 510 1057 Affirmativb:
533 1001 598 1074 quia
622 1001 690 1056 dum
709 1000 898 1058 controversia
919 1001 1017 1069 oritur,
1032 993 1093 1110 quaei

159 1078 196 1134 sit
213 1081 357 1157 Scriptura
373 1081 456 1140 Sacra
468 1096 516 1138 aut
526 1081 670 1138 Traditio·
686 1081 751 1138 item
764 1081 974 1157 quissitearum
987 1089 1093 1148 sensus,

159 1165 375 1220 controversiam
402 1163 502 1220 hanc'
495 1184 556 1240 rpsa
582 1164 726 1239 Scriptura
750 1178 798 1220 aut
813 1163 941 1220 Traditio
965 1164 1089 1220 dirimere

160 1263 217 1300 non
230 1257 332 1320 potest,
347 1245 473 1319 adeoque
488 1265 558 1320 opus
573 1258 615 1302 est
629 1245 683 1302 alii
698 1244 801 1320 reguli,
816 1243 948 1301 nimirum
962 1246 1087 1324 animati,

160 1345 223 1399 quae
239 1327 442 1383 controversias
457 1327 569 1382 dirimat
582 1350 589 1392 ;
603 1346 666 1382 nam
679 1327 768 1382 omnis
777 1327 928 1401 legislator,
940 1327 989 1401 qui
1000 1345 1089 1402 quam·

161 1407 224 1464 dam
240 1407 340 1465 fundat
354 1408 526 1475 societatem,
550 1419 614 1484 post
628 1427 658 1464 se
681 1407 837 1482 relinquere
857 1409 949 1476 debat,
972 1409 1023 1483 qui
1037 1407 1089 1483 ejus

160 1487 359 1560 authoritatem
375 1502 577 1566 rcpraesentent
601 1490 635 1546 ad
651 1489 745 1564 logum
764 1488 946 1558 authentiam,
972 1504 1094 1562 sensum}

163 1571 215 1626 &c
238 1571 422 1627 stabilienda:
444 1573 500 1644 qub
524 1591 592 1645 ergo
616 1571 692 1646 leges
717 1569 734 1626 ὲ
758 1584 841 1645 captu
866 1570 1012 1627 hominum
1033 1581 1094 1640 sunt,

162 1653 326 1708 remotiores
336 1652 384 1728 (ut
395 1653 424 1708 in
436 1652 592 1728 Religionis
603 1652 750 1709 credendis
763 1652 918 1728 MysteriiS,
932 1671 1089 1726 morumque

163 1733 284 1808 regulis)
299 1735 378 1790 tantb
393 1733 481 1809 magis
502 1736 660 1791 neccssaria
672 1746 715 1790 est
731 1733 843 1790 Vicaria
862 1734 1030 1808 legislatoris
1050 1753 1090 1790 au·

163 1813 299 1878 tlroritas;
314 1835 376 1889 qum
392 1817 467 1872 certe
482 1815 510 1870 in
525 1817 641 1872 materia
655 1815 797 1890 religionis
810 1835 865 1872 non
878 1815 1090 1890 qualiscumque,

164 1897 213 1952 sed
228 1896 381 1954 infallibilis
396 1897 432 1953 sit
447 1910 569 1973 oportet,
591 1918 626 1954 ne
642 1897 736 1952 omnia
756 1897 841 1954 dubia
860 1910 888 1954 et
911 1897 1020 1954 incerta
1043 1915 1090 1952 rna·

164 1995 258 2046 neaut,
273 1980 369 2053 sicque
385 1978 520 2055 Religio'
513 1999 573 2063 1psa
586 1979 693 2035 inutilis
708 1979 816 2036 evadat.

207 2060 269 2118 Noc
293 2061 394 2128 obstat,
422 2053 578 2118 Ecclesiam
604 2081 658 2116 non
686 2081 747 2118 esse
770 2079 854 2136 supra
876 2059 1095 2136 Scripturam
1068 2063 1095 2114 et

165 2140 272 2198 Tradit
254 2156 358 2198 tionem
373 2142 525 2208 Divinam
545 2161 610 2198 nam
627 2141 756 2200 Ecclesia
780 2143 816 2198 de
836 2141 892 2198 illis
914 2161 972 2198 non
990 2140 1091 2217 judicat

165 2228 184 2253 ‘¹
178 2223 313 2280 ‘Judioio
337 2235 460 2300 potestat
461 2223 513 2293 is,”
537 2224 596 2280 sive
611 2243 658 2282 eas
683 2209 865 2280 immutando
878 2222 1090 2299 autjudicand0‚

164 2323 199 2360 aa
214 2325 311 2360 verum
327 2303 398 2361 velf
385 2305 485 2362 falsum
501 2305 546 2370 sit,
561 2306 637 2380 quod
653 2305 797 2381 Scriptura
812 2304 898 2362 Sacra
909 2318 959 2362 aut
974 2303 1091 2362 Traditio

165 2385 274 2443 Divina
288 2387 386 2452 docet;
409 2388 459 2444 sed
470 2385 579 2462 judicat
604 2388 639 2444 de
655 2385 711 2444 illis
726 2387 816 2444 solim
838 2391 856 2419 “
867 2387 982 2446 Judicio
998 2387 1091 2444 discre-

165 2472 183 2500 ‘
198 2467 300 2535 tionis,
302 2467 508 2525 'discernendo
523 2480 551 2525 et
566 2467 742 2536 declarando,
760 2487 889 2543 quaenam
903 2468 940 2525 sit
958 2468 1092 2544 Scriptura

169 2549 253 2606 Sacra
267 2561 317 2606 aut
332 2549 460 2606 Traditio
475 2550 589 2618 Divina,
606 2551 732 2626 quisnam
747 2549 785 2608 sit
799 2569 893 2608 earum
915 2569 1025 2608 sensus.

208 2631 297 2686 Aliud
312 2643 355 2688 cst
369 2631 404 2687 de
420 2630 629 2688 Traditionihus
643 2652 721 2690 merc
737 2630 912 2708 Apostolicis
934 2642 964 2688 at
979 2625 1092 2690 Ecclesi-

165 2711 269 2778 asticis,
284 2712 313 2767 in
327 2731 395 2786 quas
412 2712 541 2770 Ecclesia
555 2713 638 2770 ctiam
648 2711 788 2788 judicium
809 2712 958 2789 potestatis
981 2719 1091 2774 exercet,

166 2794 195 2850 id
210 2806 261 2861 est,
277 2814 342 2850 cum
356 2805 496 2869 potestate
510 2814 557 2852 aas
573 2795 707 2852 mutandi.

208 2875 343 2944 Observa,
358 2875 444 2950 qudd,
456 2875 523 2934 licet
533 2889 635 2952 praeter
652 2875 824 2952 Scripturam
841 2875 871 2933 S
885 2886 914 2932 et
925 2873 1093 2932 Traditiones

168 2957 343 3016 admittenda
357 2957 394 3013 sit
408 2957 504 3033 regula
517 2958 647 3022 animata,
663 2959 740 3016 recta
764 2969 858 3014 tamen
881 2957 999 3024 dicatur,
1020 2955 1092 3012 fidem

167 3052 291 3096 nostram
306 3039 365 3096 soli
381 3037 567 3116 ScripturdS.
593 3053 622 3096 et
638 3039 663 3096 Γ
665 3039 801 3096 radrtrono
816 3037 921 3095 Dirinri
944 3038 1017 3095 niti:
1039 3032 1093 3110 quia

168 3121 208 3178 nil
225 3121 253 3177 Γ
247 3122 292 3178 rde
307 3119 414 3178 Divina
427 3120 601 3190 creditur,
575 3121 629 3176 nrsi
643 3120 671 3176 in
688 3119 832 3197 Scriptura
844 3119 929 3176 Sacra
943 3131 972 3176 et
984 3113 1091 3177 Traditi·

169 3222 222 3260 one
238 3201 344 3260 Divina
357 3201 543 3259 contineatur.

210 3283 347 3346 Quisnam
362 3295 405 3340 est
419 3284 514 3342 Judex
529 3282 780 3342 controversiarum
795 3283 861 3338 fidei
876 3294 905 3340 et
919 3280 1048 3338 morum?

212 3363 249 3420 R.
265 3364 394 3422 Ecclesia
407 3365 466 3421 sive
480 3365 614 3441 dispersa,
636 3365 694 3422 sive
710 3377 878 3440 congregata
899 3365 928 3420 in
944 3365 1031 3422 Cone.
1044 3359 1091 3418 Ge·

169 3445 266 3514 aerali,
289 3457 318 3502 et
341 3445 478 3504 Ecclesiae
494 3447 588 3524 Caput
615 3445 723 3504 Summ.
749 3445 833 3504 Pont.
851 3457 884 3502 ut
909 3446 1092 3504 consubito

170 3527 243 3582 iufra
257 3525 392 3584 dicendis.

210 3605 364 3666 Lutherani
378 3617 407 3663 ct
422 3607 584 3666 calvinistae
593 3607 719 3683 judicem
731 3619 858 3665 statuunt
871 3606 1038 3684 Scripturam
1051 3601 1090 3659 Sa·

171 3687 307 3746 cram.vel
324 3686 421 3755 solam,
444 3689 487 3746 vel
501 3690 611 3764 privato
634 3687 770 3764 cujusque
786 3690 893 3766 Spiritu
917 3689 1090 3746 intellectam:

171 3767 296 3903 haereticli
313 3767 400 3842 Angli
414 3766 467 3826 hoc
478 3767 615 3845 judicium
631 3769 780 3830 Judicibus
798 3769 979 3830 saecularibus
993 3783 1092 3840 compc-

173 3862 233 3908 tere
249 3867 282 3904 vo
296 3861 356 3905 unt.
