2188 4052
278 111 283 124 «
345 97 577 145 runconere.
626 111 629 120 ·
684 110 696 146 ·.
877 80 940 142 129.

25 267 90 330 qnam
111 257 239 322 tanum
263 243 440 306 Cetholleam
463 256 610 323 acceptare
633 245 690 304 vel'
703 253 869 322 proponere,
889 243 948 304 rel.

25 328 167 392 wntmnnm
183 341 313 402 tanquam
329 326 488 388 haerstinsn
504 329 699 389 mudemnnre·
945 359 950 386 ι

55 413 277 470 Demonstratur:
298 408 366 466 eliis
382 409 511 471 Ecclesia
531 429 586 468 uon
605 422 700 486 posset
722 407 850 468 haeresim
869 425 936 464 con·

24 496 142 558 damnare,
156 492 204 550 ubi
218 491 325 566 aliquid
340 491 475 568 Episcopi
489 491 532 552 *ei
556 492 657 550 forent·
669 490 775 555 inlecti,
799 489 839 546 ita
861 507 887 544 v.
907 508 938 564 gt

23 576 91 651 impia
108 573 239 648 dogmata
261 573 334 640 Arii,
349 573 523 640 Macedoni,
539 572 656 648 Pelagii,
682 573 735 630 &c
756 573 791 628 ab
808 569 949 630 Ecclesia,

23 654 126 714 lunmri
138 673 196 712 non
205 653 376 730 punissenn
392 654 459 728 quia
469 652 544 712 illas
553 655 649 715 multis
663 652 809 730 Episcopis
820 652 937 712 defensa

24 742 130 802 fuerunt;
144 736 223 810 atqui
237 749 332 795 umen
345 735 523 796 definitiones
539 735 676 797 Ecclesia
695 731 830 796 aulnersris
843 733 950 794 dietus:

23 818 147 876 hereticos
161 817 251 876 firmae
265 829 294 874 et
309 817 666 886 inconcussaemanseruut,
683 837 737 876 nee
749 837 805 874 uon
819 827 851 872 ut
864 813 949 874 talos¹

24 902 136 960 habentur
149 897 168 956 ὲ
182 897 401 962 Quosnellistisi
415 917 482 973 ergo
494 899 607 958 minime
619 901 700 960 obset
709 894 938 958 condemnationi

25 980 264 1049 Quesnellistarum,
287 981 365 1055 quaid
393 980 421 1036 in
445 980 541 1038 Gallia
565 980 655 1057 ‘aliqui
681 979 815 1058 Episcopi
843 976 936 1036 Bullae

25 1071 37 1098 ‘⁴
49 1061 223 1140 Unigenitns'’
238 1062 369 1138 refragati
382 1061 497 1122 fuerint.
566 1064 568 1068 ’

38 1224 65 1282 Ν.
87 1225 132 1282 82.
179 1223 337 1290 QUALIS
359 1223 458 1284 ESSE
480 1223 652 1284 DEBEAT
674 1223 915 1286 CONSENSUS
945 1171 949 1178 ·

13 1327 14 1354 t
314 1305 624 1368 EPISCOPORUM.
947 1333 952 1340 ·

13 1471 40 1529 ll.
54 1467 224 1552 Insallibe‘lis
236 1439 278 1534 sel
290 1471 447 1554 cooptatio
459 1471 519 1530 eine
532 1489 567 1530 ec
587 1487 724 1528 maenaa
737 1487 866 1545 expresso
878 1469 950 1530 stes

51 1553 134 1609 weilo.
188 1553 230 1610 11.
257 1551 438 1626 Olp'eetiones.
488 1552 544 1610 111.
573 1549 777 1630 Infallfbililos
799 1549 948 1610 Esurio

51 1653 101 1696 nnn
106 1635 217 1710 pendet
229 1631 268 1692 ab
281 1635 421 1703 eea'mt'ne,
435 1635 557 1704 motivis,
573 1632 624 1708 850.

34 1839 37 1846 .
52 1795 102 1854 ΑΝ
114 1796 150 1854 ad
166 1795 343 1856 infallibilem
359 1795 424 1856 latae
435 1795 584 1857 decisionis
599 1794 795 1856 authoritatem
810 1815 862 1858 seu
874 1795 952 1854 uni·¹

21 1877 113 1936 vualis
129 1878 269 1939 Ecclesiae
284 1878 473 1938 definitionem
488 1878 638 1954 requiritur
651 1897 803 1938 cmseusars
823 1897 950 1954 exprese=

13 1981 57 2018 ‘sus
70 1959 270 2036 Episcoporum
284 1953 295 2020 i
949 2011 953 2020 .

50 2042 70 2099 l.
89 2041 125 2098 R.
139 2041 169 2098 N
170 2042 291 2118 agetius,
305 2043 355 2100 sed
369 2041 477 2101 sufficit
490 2059 642 2100 comenses
655 2041 767 2108 tacitus,
781 2040 811 2098 in
824 2039 937 2100 silentio

23 2136 99 2180 elnon
112 2123 313 2182 reclamatione
337 2124 445 2200 positus
459 2137 524 2200 post
547 2123 738 2182 definitionem
757 2123 852 2192 latam,
873 2141 954 2198 quae:
983 2178 985 2183 .

23 2204 170 2264 sufficienler
183 2205 221 2262 ad
237 2205 443 2281 Episcoporum
453 2205 583 2266 *notitiam
598 2205 734 2281 pervenit.
757 2223 820 2266 uum
844 2216 953 2264 moere-

24 2286 99 2344 inhoc
111 2305 181 2344 casu
194 2297 239 2346 ast
251 2287 425 2352 consentium
439 2307 516 2344 error
529 2287 643 2363 quippe,
658 2286 702 2344 eui
718 2306 775 2346 non
788 2285 938 2352 resistitur,

24 2367 92 2442 inquit
105 2365 189 2426 Felix
203 2367 452 2444 llunpprobatur,
466 2379 496 2428 et
510 2367 620 2436 veritas5
638 2369 702 2426 cunr
725 2387 781 2426 non
804 2367 939 2426 defenda-

23 2461 61 2516 tur,
74 2449 247 2526 opprimitur,
262 2461 290 2508 at
306 2449 335 2508 S.
355 2450 478 2524 August.
494 2449 586 2525 Epist.
612 2450 677 2506 109.
699 2449 787 2508 dicim
808 2447 939 2514 Ecclesia
959 2514 961 2524 Ι

24 2530 65 2588 Ilei
76 2550 115 2600 ea,
130 2549 196 2606 qnae
210 2541 277 2590 sunt
290 2542 387 2588 contra
399 2531 483 2592 fidem
492 2531 537 2590 vel
549 2531 649 2590 bonam
664 2531 759 2602 vitam,
770 2549 827 2590 non
838 2549 951 2608 approe¹

24 2612 115 2670 batnec
128 2623 214 2672 lecet.

52 2695 182 2753 Probatur
207 2696 252 2750 2⁰.
275 2713 311 2751 ex
334 2713 418 2754 semu
433 2704 462 2752 ct
484 2693 563 2771 praxi
578 2693 734 2761 Ecclesiae;
754 2712 819 2752 narn
841 2692 951 2752 multrc'

24 2771 121 2834 unsa
134 2774 152 2834 b
166 2775 230 2834 solo
243 2775 382 2836 Pontifiee
394 2777 533 2834 damnata
547 2777 661 2834 fuerumt
673 2774 779 2850 absque
800 2794 939 2834 consensu

24 2875 134 2931 expresso
149 2857 365 2934 Episcoporurn,
386 2875 502 2932 quarum
516 2869 609 2916 tamen
625 2857 767 2914 damnatio
786 2855 881 2914 habita
894 2869 950 2916 est.

23 2949 133 3012 unquam
148 2937 304 2998 infallibilis
319 2939 456 3000 Ecclesiae
472 2938 607 3004 definitio.
623 2957 656 2996 sc
666 2939 731 2996 ideo
742 2937 952 2996 dissentientes·

24 3016 90 3076 babiti
103 3032 237 3096 tanquam
251 3019 396 3081 herenei:
417 3020 458 3078 sie
473 3039 498 3078 v.
512 3040 539 3096 g.
553 3019 695 3078 damuatio
720 3039 843 3078 errorum
858 3018 939 3079 Jovi-

24 3100 88 3168 riani,
102 3103 176 3159 facta
189 3100 207 3158 la
222 3101 331 3179 Syricio
346 3102 431 3178 Papa,
456 3101 523 3158 item
545 3101 637 3158 Bullae
653 3101 698 3159 Pii
712 3101 748 3158 V.
762 3112 791 3158 et
806 3100 950 3176 Gregorii,

26 3180 89 3238 lllll.
108 3195 206 3240 contra
220 3201 327 3240 errores
342 3181 463 3258 Bajauos
476 3181 615 3240 habentur
629 3195 760 3258 tanquam
784 3181 939 3240 infallibilis

26 3264 100 3337 regula
125 3264 267 3330 sentiendi
293 3277 324 3322 et
352 3264 494 3340 loquendi,
526 3264 652 3339 quamvis
685 3264 769 3337 pauci
803 3263 939 3346 Episcopi

27 3361 136 3420 expresso
152 3357 181 3404 et
193 3345 308 3422 publico
321 3346 508 3404 instrumento
522 3347 584 3403 illas
597 3346 763 3422 receperint.

54 3425 181 3494 Observa,
208 3427 429 3503 independenter
457 3426 474 3484 a
500 3427 655 3503 quastione
683 3428 719 3486 de
740 3426 940 3486 infallibilitate

28 3505 151 3568 Pontificis
165 3521 273 3566 certum
285 3529 354 3578 esse,
370 3509 453 3584 qubd‚
469 3509 535 3566 dum
547 3509 679 3568 Summus
692 3509 822 3566 Pontifex
833 3507 940 3584 aliquid

28 3587 111 3658 definit,
126 3603 156 3646 et
170 3589 375 3666 Episcoporum
401 3591 620 3667 pluralitas.n0n
645 3591 786 3658 reclamat,
808 3590 868 3646 fieri
882 3608 937 3646 non

28 3671 95 3741 possit
103 3671 295 3730 definitionem
304 3672 384 3730 illam
396 3687 519 3731 serment
529 3671 688 3737 nonnosum
700 3684 728 3730 et
736 3681 933 3744 consequenter

28 3767 68 3806 nun
87 3753 230 3824 suffragari
245 3752 460 3820 Quesnellianin
484 3753 592 3813 etiamsi
616 3752 700 3810 Bulla
721 3757 739 3806 ‘.‘
751 3748 933 3825 Unigenitus'*

29 3849 136 3908 expresso
154 3833 372 3912 *Episcopnrnnu
401 3851 540 3894 consensu
565 3851 622 3892 uon
648 3833 749 3892 fnisset
775 3842 933 3906 acceptata:
