2216 4056
158 117 217 178 142
402 134 448 178 en
470 131 673 198 nnacnaaunt
693 137 736 198 oa
756 135 843 189 ntnn,

155 699 211 755 tur,
234 699 302 768 tuno
323 689 460 766 quidquid
483 689 581 747 definit
597 689 767 758 Concilium,
787 708 845 748 non
866 681 911 748 est
933 685 1072 758 infallitss

155 763 336 828 authoritatis
347 783 412 828 ante
427 770 604 854 Pontificiam
619 771 868 848 conlinmationem.

198 849 277 910 Hinc
292 849 380 909 oritur
393 852 448 914 alia
462 851 563 910 divisio
578 853 779 920 Consiliorum·
801 852 859 928 qni
873 849 933 908 alia
957 849 1070 908 dicunt

156 932 318 1010 approbato,
332 932 388 990 alia
400 935 548 1010 reprobata
561 955 611 992 sen
624 933 737 1011 rejecta,
748 934 803 992 alia
816 933 917 1010 partim
927 931 1069 1010 approba

156 1012 259 1092 partim
273 1011 385 1092 rejecta,
399 1015 455 1074 alia
467 1036 521 1076 nec
534 1017 686 1096 approbata
699 1035 753 1074 nec
771 1015 928 1092 reprobata.

158 1173 196 1248 N.
211 1175 265 1234 88.
301 1175 359 1236 DE
382 1175 592 1238 CONCILIIS
613 1175 914 1238 GENERALIBUS
935 1169 1090 1234 APPRO·

558 1259 691 1319 BATIS.

156 1377 730 1460 1.1s.e0neaaqeneracaappr0tata.
773 1379 814 1439 11.
831 1377 992 1437 Nwaentm.
1038 1335 1091 1450 nil

202 1459 555 1539 Cmtetantinopclitouum
569 1464 593 1522 I.
634 1464 687 1522 IV.
708 1461 898 1540 ephesinum.
938 1459 976 1517 V.
1001 1455 1091 1517 Cleol-

196 1543 367 1616 cedonense„
399 1543 450 1600 Vl.
474 1544 822 1622 Constantinopolitcaum
837 1543 882 1602 II.
923 1541 993 1598 VII.
1019 1541 1092 1614 Couc

196 1623 487 1700 atootinepole'tcnum
501 1625 566 1684 III.
587 1625 671 1684 VIII.
685 1625 838 1684 Ne'coeeeetm
851 1623 1018 1682 amodum.
1041 1619 1092 1677 IX]

200 1705 551 1784 Comtontinopolitcaeem
575 1707 636 1767 IV.
685 1707 721 1765 X.
742 1705 937 1764 Loteaneeese
957 1701 988 1760 Ι.
1041 1701 1090 1758 XI.

196 1783 394 1848 lateranense
417 1789 465 1848 II.
508 1789 578 1847 XII.
598 1789 792 1848 Lateranenee
816 1785 881 1846 III.
922 1780 1093 1848 x111.L‹1·l

196 1877 344 1928 araneosa
367 1868 424 1928 IV.
475 1871 558 1929 XIV.
589 1872 783 1946 Lugduneaae
805 1867 834 1927 Ι.
882 1867 948 1924 XV.
967 1865 1090 1940 Lacydo-

195 1969 281 2009 nense
303 1949 350 2010 II.
401 1951 482 2012 XVI.
519 1951 684 2011 Viennense.
736 1951 833 2010 XVII.
866 1948 1089 2008 consentient.

197 2031 312 2091 xvnt.
343 2031 557 2094 Fet-menen.
610 2033 695 2094 x1x.
723 2032 917 2093 maneae
941 2031 974 2090 V.
1026 2004 1094 2086 Xttl

202 2112 414 2176 Tridentis-iem.

166 2297 170 2304 .
197 2235 297 2302 QUAE
311 2248 340 2308 ot
353 2248 426 2315 ,quot
439 2249 505 2297 sunt
519 2236 650 2298 Concilio
662 2235 828 2314 generalia?

168 2379 172 2388 ,
198 2317 222 2376 Ι.
244 2317 282 2377 R.
304 2319 433 2378 Concilio
446 2321 586 2398 generalia
599 2321 753 2398 approbata
765 2317 784 2378 t
795 2330 923 2395 tempore
934 2314 1088 2394 Apostolo-

157 2417 219 2458 rum
234 2414 415 2460 numerantur
432 2403 478 2464 18..

182 2477 241 2540 ·II.
262 2482 387 2543 Primum
409 2495 453 2559 est
467 2481 628 2558 Concilium
643 2482 803 2551 Nieaenum,
825 2479 998 2540 celebratum
1018 2495 1087 2538 anno

158 2561 229 2620 325.
254 2561 337 2644 juxta
367 2563 531 2632 Romulum,
566 2565 612 2622 cni
636 2565 822 2622 interfuerunt
847 2563 907 2620 318
933 2561 1043 2629 Patres,
1062 2559 1089 2619 in

158 2663 215 2722 qno
230 2657 332 2720 contro
343 2647 444 2720 Arium
459 2645 576 2723 ejnsquo
590 2665 734 2721 sequaces,
755 2655 890 2722 negantes
903 2643 1088 2703 Divinitetem

158 2725 234 2802 Filii,
249 2727 396 2804 delinitum
408 2740 460 2798 est,
470 2728 574 2787 Filium
585 2728 613 2786 in
625 2727 739 2786 Divinis
749 2747 812 2789 esse
823 2725 901 2784 Patri
911 2724 1089 2783 consubstan-

158 2808 276 2868 tialem:
305 2809 407 2886 pariter
437 2810 584 2882 definitum
608 2820 653 2870 est
676 2821 775 2867 eontra
798 2805 1089 2873 Quoto-decimanos,

160 2888 268 2954 Pascha
282 2891 480 2962 celebrandum
494 2911 556 2952 esse
570 2891 723 2950 Dominicis
736 2902 801 2968 post
821 2889 919 2949 lunam
936 2887 972 2946 lt
988 2883 1090 2945 mensis

159 2970 269 3031 Martii.

182 3041 257 3112 Ill.
280 3052 440 3130 Secondpm
455 3065 499 3112 est
514 3052 855 3131 Constantinopolitanntn
879 3051 903 3122 I,
924 3068 999 3128 anno
1024 3048 1087 3116 381,

161 3147 371 3211 congregatum,
394 3135 440 3193 cui
454 3135 641 3194 interfuerunt
668 3137 724 3192 150
749 3133 892 3211 Episcopi.
933 3133 968 3190 In
992 3150 1026 3188 eo
1040 3127 1086 3186 Ni·

160 3234 240 3277 caeoa
263 3217 332 3276 fides
355 3217 465 3276 firmata
486 3217 548 3286 tuit,
564 3218 719 3294 Gregorius
743 3216 940 3300 Nazianzenus
955 3211 1087 3273 Ecclesia

161 3297 480 3375 Copstantinopolitanas
514 3300 672 3376 praefectus,
700 3298 802 3378 partim
826 3294 967 3374 praesedit,
990 3291 1087 3370 partim

160 3378 246 3452 etiam
262 3379 419 3451 Necte-iis,
445 3381 577 3457 Gregorii
600 3381 629 3438 in
645 3381 719 3438 Sede
745 3380 892 3438 Constant.
934 3375 1087 3440 Successor,

161 3472 192 3522 at
205 3458 318 3531 heresis
333 3462 497 3522 Macedonii
510 3463 639 3538 negantis
653 3461 838 3520 Divinitatem
859 3457 982 3537 Spiritiis
997 3453 1085 3516 Sancti

160 3540 310 3601 damnata:
330 3543 406 3600 unde
422 3543 557 3618 Symbolo
572 3543 691 3600 Nioaeno
704 3541 800 3602 addita
822 3552 889 3600 sunt
906 3540 936 3598 in
948 3538 1002 3597 hoo
1017 3538 1085 3596 Con·

162 3620 239 3681 cilio.
254 3640 317 3698 qoae
331 3623 367 3678 ad
381 3623 568 3681 Divinitatem
584 3623 707 3700 Spiritits
722 3624 752 3682 S.
772 3623 923 3700 pertiuent.

202 3701 257 3761 IV.
278 3701 407 3760 Tertium
421 3715 464 3762 est
481 3703 654 3781 Ephesinuro
668 3725 741 3765 anno
757 3706 815 3762 431
840 3702 978 3772 habitum,
993 3699 1084 3774 inquo

162 3793 344 3854 nsteterentin·
368 3781 502 3860 Episcopi
526 3785 589 3860 plns
614 3785 699 3860 quam
728 3788 796 3854 200,
824 3795 854 3844 et
877 3785 1024 3842 damnatos
1046 3790 1084 3836 est

225 3863 314 3933 torius
328 3861 832 3945 EpisoopnsConstantioopolitonns,
842 3884 968 3940 moenem
981 3863 1048 3922 duas
1061 3859 1085 3916 in
