2248 4070
384 129 428 170 nn
449 129 595 174 naerens.
894 114 963 170 «357

26 271 198 346 exposuisse,
216 273 260 330 1⁰.
275 272 331 332 Per
344 272 415 332 iliud
429 275 555 334 initurum
569 274 598 330 in
609 291 697 350 regno
705 271 847 331 medem
857 271 962 332 Carbo-

25 350 121 420 licum‚
133 355 182 411 ubi
192 354 259 412 alias
270 356 433 414 succederet
443 355 610 414 baereticust
622 355 671 412 2⁰.
687 355 772 412 Suam
782 355 961 430 fragilitatem

24 433 60 492 ad
83 437 299 494 conservandam
315 437 482 508 castitatem,
504 449 533 495 et
547 439 596 494 30.
620 435 657 494 Se
670 455 728 495 non
740 435 843 494 bebere
857 435 962 494 musb-

25 513 99 570 eium
114 535 151 574 ex
165 535 220 590 qno
235 528 415 576 sustentetur.

67 596 162 654 Causa
174 597 264 654 finalis
279 598 308 654 in
331 597 383 656 bac
402 598 610 676 dispensatione
624 609 668 656 est
681 596 771 654 haeres
786 596 960 664 Catholicae,

24 693 109 734 causa
122 677 271 754 impulsiva
285 689 379 754 potest
392 699 453 738 esse
468 680 611 757 fragilitas,
630 679 681 737 sed
694 679 818 738 carentia
831 679 961 736 beneficii

23 770 67 812 est
80 759 146 832 qnid
158 760 349 835 impertinens·

66 840 207 913 Adeoque
221 841 244 896 si
259 841 348 915 prima
358 841 429 900 ratio
441 841 510 900 falsa
524 840 569 909 sit,
585 839 756 917 dispensatio
765 839 850 916 juxta
863 859 962 898 omues

23 918 78 975 erit
92 920 230 985 invalidas
253 922 318 996 quia
342 935 386 980 est
409 924 538 999 obreptio
560 923 633 980 circa
656 941 768 980 causam
784 921 915 978 finalem:
936 921 960 978 si

23 1001 107 1058 tertia
120 1003 191 1060 ratio
205 1003 325 1078 allegata
345 1004 382 1060 sit
406 1005 484 1071 falsa,
506 1003 677 1080 dispensatio
701 1022 757 1058 nou
780 1004 833 1060 erit
855 1002 961 1060 idcirco

23 1081 154 1151 invalida,
177 1084 241 1158 quia
256 1098 298 1140 est
312 1085 418 1141 falsitas
432 1086 634 1161 impertinens:
654 1084 678 1140 si
692 1083 843 1158 allegatum
860 1103 961 1142 secun·

23 1163 90 1218 dum
106 1165 143 1220 sit
158 1165 268 1232 falsum,
285 1166 460 1222 verisimilius
475 1179 518 1224 est
531 1166 759 1242 distinguendum
771 1185 836 1224 cum
848 1163 961 1228 Antho-

22 1243 99 1300 ribns
113 1246 205 1302 tertiae
220 1247 366 1304 sententiae
380 1267 472 1323 supra.

14 1405 60 1462 n.
76 1408 125 1464 uo.
168 1407 474 1474 sucessuum
500 1369 960 1468 osnss'msesnssno

64 1487 140 1628 {1¹3}
143 1489 297 1628 SupsTspm
320 1490 487 1562 noran,
519 1491 655 1548 sumn
679 1489 959 1568 nisennssno

21 1731 46 1788 1.
72 1731 210 1790 Cessante
229 1735 319 1792 eausa
339 1743 408 1792 onte
420 1735 520 1794 dotum
534 1690 781 1812 dispensationem:
802 1731 862 1790 lroec
875 1731 971 1790 nullm

59 1822 110 1870 est.
153 1813 193 1872 ΙΙ.
224 1816 303 1883 Non,
321 1817 359 1872 ai
381 1825 467 1874 cesset
486 1825 555 1894 post
583 1815 713 1895 effectuum
738 1813 959 1876 irrevocabilem·

60 1893 120 1952 ΙΙΙ.
146 1893 243 1954 Casus
256 1906 464 1956 controversus.

59 2055 86 2112 1.
110 2055 225 2118 RESP.
249 2059 475 2135 Distinguendo:
496 2059 520 2116 si
534 2070 595 2118 tota
605 2072 690 2116 causa
703 2057 792 2116 finalis
806 2068 905 2125 semet,
920 2055 961 2116 ita

13 2147 51 2198 ,ut
76 2156 136 2194 non
159 2149 270 2199 maneat
284 2139 363 2216 justa
384 2161 468 2198 causa
490 2139 643 2205 sufficiens,
665 2153 813 2216 antequam
837 2139 905 2196 data
923 2139 961 2194 sit

21 2218 204 2294 dispensatio,
227 2221 270 2278 vel
285 2242 320 2278 eo
334 2235 470 2298 tempore,
492 2241 548 2296 quo
562 2222 647 2280 tiebat
660 2221 731 2296 legis
744 2219 889 2286 relaxatio,
903 2219 960 2276 dis·

20 2299 151 2374 pensatio
165 2315 265 2372 cessat,
286 2323 336 2362 seu
350 2305 443 2378 potiits
457 2303 536 2360 nulia
549 2315 602 2371 est,
624 2301 733 2360 etiamsi
756 2320 839 2358 causa
858 2300 961 2359 sman-

20 2380 111 2452 tisset,
135 2383 203 2438 dum
216 2385 382 2458 petebatur;
403 2385 468 2458 quia
482 2384 543 2442 sine
557 2403 642 2442 eausa
656 2385 721 2440 data
735 2394 800 2440 est:
818 2382 859 2438 sio
873 2381 897 2438 si
910 2399 960 2456 pe·

21 2473 97 2518 tatur
113 2463 294 2539 dispensatio,
318 2477 349 2522 ut
363 2467 456 2542 proies
469 2478 536 2524 nata
549 2465 729 2540 legitimatus,
750 2463 843 2538 proles
864 2475 961 2521 aetem

21 2543 159 2600 moriatur
172 2559 236 2602 ante
252 2546 488 2621 dispensationem
503 2547 595 2603 datam
611 2546 655 2604 vei
678 2557 743 2604 ante
763 2543 960 2602 executionem

21 2623 183 2682 Literarum
199 2645 249 2701 per
263 2628 503 2695 commissarium,
525 2625 696 2703 dispensatio
710 2625 788 2682 nulia
802 2637 855 2682 est.

62 2705 93 2762 Si
107 2707 176 2764 verb
192 2727 247 2764 nou
262 2723 336 2768 esset
346 2721 412 2766 nata
422 2709 525 2784 proles,
542 2710 608 2764 dum
620 2708 768 2784 petebatur
778 2705 959 2782 dispensatio,

21 2787 70 2842 sed
85 2801 218 2844 nascatur
242 2801 307 2850 anto
330 2791 525 2848 executionem
541 2789 711 2856 Liternum,
732 2787 903 2863 dispensatio
917 2798 961 2844 est
1049 2853 1052 2860 ¹

21 2868 124 2936 valida,
140 2869 269 2943 inquiunt
284 2871 408 2948 Pyrrhus
423 2884 452 2928 et
467 2869 662 2934 Reiffenstuei,
677 2871 713 2928 eb
726 2869 802 2944 qubd
817 2867 961 2944 dispensa·

22 2949 61 3006 tio
75 2948 230 3008 hodiedum
246 2953 306 3009 dari
320 2953 410 3012 soleat
424 2953 453 3008 in
468 2954 557 3010 forma
571 2951 771 3018 commissoris,
793 2950 890 3026 sieque
903 2969 961 3008 non

21 3030 55 3086 sit
71 3051 140 3088 vera
150 3032 330 3108 dispensatio,
346 3035 400 3092 nisi
415 3034 527 3108 quaudo
541 3033 701 3090 executioni
716 3031 872 3098 mandatur,
885 3031 960 3088 uude

21 3111 137 3182 suffieit,
153 3125 221 3170 tuno
236 3133 332 3172 caussas
348 3115 492 3174 verificari.
534 3115 653 3172 Pontius
667 3126 762 3171 tamen
774 3126 803 3170 et
814 3111 860 3170 De
868 3113 888 3171 J
890 3111 961 3170 ustis

22 3194 135 3260 (locent,
162 3190 322 3253 'secusdum
347 3217 429 3252 usuui
454 3195 548 3255 Curiae
575 3195 711 3252 Romanae
735 3213 833 3252 causas
857 3195 960 3251 debere

22 3276 185 3344 subsistere,
200 3277 272 3334 dum‘
282 3278 450 3354 rescriptum
465 3277 679 3352 dispensationis
692 3275 792 3332 Romae
803 3275 960 3350 expeditur,

22 3375 70 3429 pro
96 3377 155 3432 quo
179 3359 274 3416 Collet
297 3361 389 3416 arlfert
414 3360 461 3416 lib.
480 3360 506 3415 1.
520 3365 537 3392 ‘⁸
548 3358 584 3414 de
598 3355 852 3432 dispensationibus
861 3355 875 3376 ’'
891 3375 916 3412 c.
931 3357 961 3412 6.

21 3439 190 3515 rescriptum
218 3440 271 3496 sibi
298 3437 398 3508 Romi,
430 3442 527 3498 datum
557 3440 601 3496 19.
622 3437 746 3496 danuarii
772 3456 845 3494 anno
873 3438 961 3494 1741.

23 3518 107 3576 Unde
122 3519 147 3576 si
160 3521 252 3596 proles
267 3533 332 3580 nata
345 3523 381 3580 sit
392 3540 460 3580 ante
472 3519 636 3596 rescriptum
649 3518 800 3582 Pontifiois,
815 3517 889 3575 vaiet
903 3517 960 3576 dis·

22 3603 151 3674 pensatio
163 3626 170 3669 ς
191 3603 271 3660 sectis
286 3604 445 3672 dicendum,
460 3603 485 3660 si
498 3613 562 3678 post
575 3601 751 3678 rescriptum,
765 3599 819 3656 etsi
832 3611 898 3658 aute
911 3618 961 3655 ex·

23 3683 183 3740 santionem
199 3683 366 3742 Literarnm.

61 3764 103 3822 11.
127 3765 216 3828 Qubd
238 3765 261 3822 si
284 3785 371 3824 causa
391 3765 481 3824 finalis
504 3765 594 3822 solim
614 3775 705 3822 cessat
718 3773 781 3839 post
795 3774 887 3818 actum
903 3759 960 3818 dis·

21 3847 198 3920 pausationis
213 3847 322 3918 validae,
343 3845 626 3922 subdistinguendum
649 3857 712 3906 ests
730 3843 776 3904 vel
789 3841 961 3920 dispensatio
