<?xml version="1.0" encoding="UTF-8"?>
<!DOCTYPE html PUBLIC "-//W3C//DTD XHTML 1.0 Transitional//EN"
    "http://www.w3.org/TR/xhtml1/DTD/xhtml1-transitional.dtd">
<html xmlns="http://www.w3.org/1999/xhtml" xml:lang="en" lang="en">
 <head>
  <title>
</title>
<meta http-equiv="Content-Type" content="text/html;charset=utf-8" />
  <meta name='ocr-system' content='tesseract 3.04.00' />
  <meta name='ocr-capabilities' content='ocr_page ocr_carea ocr_par ocr_line ocrx_word'/>
</head>
<body>
  <div class='ocr_page' id='page_1' title='image "./theologiamorali03densgoog_0384.png"; bbox 0 0 2248 4070; ppageno 0'>
   <div class='ocr_carea' id='block_1_1' title="bbox 381 153 965 216">
    <p class='ocr_par' dir='ltr' id='par_1_1' title="bbox 381 153 965 216">
     <span class='ocr_line' id='line_1_1' title="bbox 381 153 965 216; baseline 0.007 -4"><span class='ocrx_word' id='word_1_1' title='bbox 381 172 422 214; x_wconf 82' lang='lat' dir='ltr'><strong>nn</strong></span> <span class='ocrx_word' id='word_1_2' title='bbox 443 170 587 214; x_wconf 75' lang='lat' dir='ltr'><strong>auersus.</strong></span> <span class='ocrx_word' id='word_1_3' title='bbox 621 153 623 160; x_wconf 79' lang='grc'><strong>“</strong></span> <span class='ocrx_word' id='word_1_4' title='bbox 683 157 684 167; x_wconf 76' lang='grc'>’</span> <span class='ocrx_word' id='word_1_5' title='bbox 900 155 965 216; x_wconf 78' lang='grc'>375.</span> 
     </span>
    </p>
   </div>
   <div class='ocr_carea' id='block_1_2' title="bbox 24 315 961 964">
    <p class='ocr_par' dir='ltr' id='par_1_2' title="bbox 25 315 961 800">
     <span class='ocr_line' id='line_1_2' title="bbox 25 315 960 392; baseline 0 -18"><span class='ocrx_word' id='word_1_6' title='bbox 25 315 102 392; x_wconf 87' lang='lat' dir='ltr'><strong>gravi</strong></span> <span class='ocrx_word' id='word_1_7' title='bbox 117 315 235 392; x_wconf 86' lang='lat' dir='ltr'><strong>obliget,</strong></span> <span class='ocrx_word' id='word_1_8' title='bbox 248 325 357 376; x_wconf 82' lang='lat' dir='ltr'><strong>constat</strong></span> <span class='ocrx_word' id='word_1_9' title='bbox 370 337 405 374; x_wconf 84' lang='lat' dir='ltr'><strong>ex</strong></span> <span class='ocrx_word' id='word_1_10' title='bbox 419 316 560 376; x_wconf 88' lang='lat' dir='ltr'><strong>communi</strong></span> <span class='ocrx_word' id='word_1_11' title='bbox 575 315 769 374; x_wconf 84' lang='lat' dir='ltr'><strong>timoratorum</strong></span> <span class='ocrx_word' id='word_1_12' title='bbox 783 335 866 376; x_wconf 84' lang='lat' dir='ltr'><strong>sensu</strong></span> <span class='ocrx_word' id='word_1_13' title='bbox 880 327 910 376; x_wconf 86' lang='lat' dir='ltr'><strong>et</strong></span> <span class='ocrx_word' id='word_1_14' title='bbox 923 337 960 375; x_wconf 82' lang='lat' dir='ltr'><strong>ex</strong></span> 
     </span>
     <span class='ocr_line' id='line_1_3' title="bbox 26 398 960 476; baseline 0.004 -22"><span class='ocrx_word' id='word_1_15' title='bbox 26 398 259 456; x_wconf 75' lang='lat' dir='ltr'><strong>condemnatione</strong></span> <span class='ocrx_word' id='word_1_16' title='bbox 273 398 470 475; x_wconf 70' lang='lat' dir='ltr'><strong>propositionis</strong></span> <span class='ocrx_word' id='word_1_17' title='bbox 485 399 533 455; x_wconf 79' lang='lat'><strong>52.</strong></span> <span class='ocrx_word' id='word_1_18' title='bbox 557 399 592 456; x_wconf 87' lang='lat' dir='ltr'><strong>ab</strong></span> <span class='ocrx_word' id='word_1_19' title='bbox 606 398 702 456; x_wconf 86' lang='lat' dir='ltr'><strong>innoc.</strong></span> <span class='ocrx_word' id='word_1_20' title='bbox 723 399 776 458; x_wconf 87' lang='lat' dir='ltr'><strong>XI.</strong></span> <span class='ocrx_word' id='word_1_21' title='bbox 798 404 815 432; x_wconf 91' lang='lat'>“</span> <span class='ocrx_word' id='word_1_22' title='bbox 831 399 960 476; x_wconf 79' lang='lat' dir='ltr'><strong>Praecep-</strong></span> 
     </span>
     <span class='ocr_line' id='line_1_4' title="bbox 27 479 961 558; baseline 0.002 -22"><span class='ocrx_word' id='word_1_23' title='bbox 27 486 118 536; x_wconf 88' lang='lat' dir='ltr'><strong>“tum</strong></span> <span class='ocrx_word' id='word_1_24' title='bbox 145 481 274 537; x_wconf 84' lang='lat' dir='ltr'><strong>servandi</strong></span> <span class='ocrx_word' id='word_1_25' title='bbox 298 480 382 538; x_wconf 82' lang='lat' dir='ltr'><strong>Festa</strong></span> <span class='ocrx_word' id='word_1_26' title='bbox 405 500 461 538; x_wconf 90' lang='lat' dir='ltr'><strong>uon</strong></span> <span class='ocrx_word' id='word_1_27' title='bbox 485 479 591 555; x_wconf 88' lang='lat' dir='ltr'><strong>obligat</strong></span> <span class='ocrx_word' id='word_1_28' title='bbox 612 481 663 538; x_wconf 87' lang='lat' dir='ltr'><strong>sub</strong></span> <span class='ocrx_word' id='word_1_29' title='bbox 690 480 808 548; x_wconf 78' lang='lat' dir='ltr'><strong>mortali,</strong></span> <span class='ocrx_word' id='word_1_30' title='bbox 834 481 961 558; x_wconf 84' lang='lat' dir='ltr'><strong>seposito</strong></span> 
     </span>
     <span class='ocr_line' id='line_1_5' title="bbox 27 559 958 637; baseline 0.005 -22"><span class='ocrx_word' id='word_1_31' title='bbox 27 566 46 594; x_wconf 73' lang='lat'><strong>‘¹</strong></span> <span class='ocrx_word' id='word_1_32' title='bbox 57 560 199 628; x_wconf 87' lang='lat' dir='ltr'><strong>scandalo,</strong></span> <span class='ocrx_word' id='word_1_33' title='bbox 214 562 237 618; x_wconf 89' lang='lat' dir='ltr'><strong>si</strong></span> <span class='ocrx_word' id='word_1_34' title='bbox 252 562 324 620; x_wconf 90' lang='lat' dir='ltr'><strong>absit</strong></span> <span class='ocrx_word' id='word_1_35' title='bbox 337 559 541 637; x_wconf 82' lang='lat' dir='ltr'><strong>contemptus.&#39;&#39;</strong></span> <span class='ocrx_word' id='word_1_36' title='bbox 577 560 639 618; x_wconf 91' lang='lat' dir='ltr'><strong>Nec</strong></span> <span class='ocrx_word' id='word_1_37' title='bbox 653 562 779 629; x_wconf 89' lang='lat' dir='ltr'><strong>dubium,</strong></span> <span class='ocrx_word' id='word_1_38' title='bbox 793 562 859 637; x_wconf 86' lang='lat' dir='ltr'><strong>quin</strong></span> <span class='ocrx_word' id='word_1_39' title='bbox 874 561 958 620; x_wconf 89' lang='lat' dir='ltr'><strong>hodie</strong></span> 
     </span>
     <span class='ocr_line' id='line_1_6' title="bbox 25 641 958 718; baseline 0.004 -20"><span class='ocrx_word' id='word_1_40' title='bbox 25 661 98 717; x_wconf 79' lang='lat' dir='ltr'><strong>saepa</strong></span> <span class='ocrx_word' id='word_1_41' title='bbox 113 643 307 718; x_wconf 82' lang='lat' dir='ltr'><strong>compleantur</strong></span> <span class='ocrx_word' id='word_1_42' title='bbox 321 643 434 700; x_wconf 84' lang='lat' dir='ltr'><strong>Divinae</strong></span> <span class='ocrx_word' id='word_1_43' title='bbox 456 641 664 707; x_wconf 84' lang='lat' dir='ltr'><strong>benedictiones</strong></span> <span class='ocrx_word' id='word_1_44' title='bbox 683 643 712 700; x_wconf 92' lang='lat' dir='ltr'><strong>in</strong></span> <span class='ocrx_word' id='word_1_45' title='bbox 736 645 958 714; x_wconf 67' lang='lat' dir='ltr'><strong>observantibus,</strong></span> 
     </span>
     <span class='ocr_line' id='line_1_7' title="bbox 26 723 613 800; baseline 0.005 -21"><span class='ocrx_word' id='word_1_46' title='bbox 26 737 52 780; x_wconf 86' lang='lat' dir='ltr'><strong>et</strong></span> <span class='ocrx_word' id='word_1_47' title='bbox 68 723 281 782; x_wconf 76' lang='lat' dir='ltr'><strong>maledictiones</strong></span> <span class='ocrx_word' id='word_1_48' title='bbox 296 724 323 782; x_wconf 92' lang='lat' dir='ltr'><strong>in</strong></span> <span class='ocrx_word' id='word_1_49' title='bbox 339 725 613 800; x_wconf 81' lang='lat' dir='ltr'><strong>transgredientibus.</strong></span> 
     </span>
    </p>

    <p class='ocr_par' dir='ltr' id='par_1_3' title="bbox 24 805 958 964">
     <span class='ocr_line' id='line_1_8' title="bbox 65 805 957 885; baseline 0.003 -23"><span class='ocrx_word' id='word_1_50' title='bbox 65 805 144 862; x_wconf 84' lang='lat' dir='ltr'><strong>Nota</strong></span> <span class='ocrx_word' id='word_1_51' title='bbox 155 825 218 862; x_wconf 86' lang='lat' dir='ltr'><strong>cum</strong></span> <span class='ocrx_word' id='word_1_52' title='bbox 233 805 411 866; x_wconf 86' lang='lat' dir='ltr'><strong>Catecbismo</strong></span> <span class='ocrx_word' id='word_1_53' title='bbox 424 805 561 872; x_wconf 86' lang='lat' dir='ltr'><strong>Romano,</strong></span> <span class='ocrx_word' id='word_1_54' title='bbox 576 806 642 862; x_wconf 89' lang='lat' dir='ltr'><strong>dum</strong></span> <span class='ocrx_word' id='word_1_55' title='bbox 654 805 815 885; x_wconf 86' lang='lat' dir='ltr'><strong>praecipitur</strong></span> <span class='ocrx_word' id='word_1_56' title='bbox 828 807 957 876; x_wconf 70' lang='lat' dir='ltr'><strong>omeatio,</strong></span> 
     </span>
     <span class='ocr_line' id='line_1_9' title="bbox 24 886 958 964; baseline 0.002 -22"><span class='ocrx_word' id='word_1_57' title='bbox 24 906 77 942; x_wconf 87' lang='lat' dir='ltr'><strong>non</strong></span> <span class='ocrx_word' id='word_1_58' title='bbox 85 887 204 964; x_wconf 76' lang='lat' dir='ltr'><strong>praecipi</strong></span> <span class='ocrx_word' id='word_1_59' title='bbox 216 887 314 956; x_wconf 77' lang='lat' dir='ltr'><strong>onum,</strong></span> <span class='ocrx_word' id='word_1_60' title='bbox 325 903 358 945; x_wconf 85' lang='lat' dir='ltr'><strong>ut</strong></span> <span class='ocrx_word' id='word_1_61' title='bbox 369 888 468 963; x_wconf 80' lang='lat' dir='ltr'><strong>vndgus</strong></span> <span class='ocrx_word' id='word_1_62' title='bbox 479 888 630 955; x_wconf 86' lang='lat' dir='ltr'><strong>existimat,</strong></span> <span class='ocrx_word' id='word_1_63' title='bbox 641 888 691 944; x_wconf 87' lang='lat' dir='ltr'><strong>sed</strong></span> <span class='ocrx_word' id='word_1_64' title='bbox 700 886 794 963; x_wconf 82' lang='lat' dir='ltr'><strong>potiris</strong></span> <span class='ocrx_word' id='word_1_65' title='bbox 804 887 958 964; x_wconf 85' lang='lat' dir='ltr'><strong>prohiberi;</strong></span> 
     </span>
    </p>
   </div>
   <div class='ocr_carea' id='block_1_3' title="bbox 25 968 1063 1037">
    <p class='ocr_par' dir='ltr' id='par_1_4' title="bbox 25 968 1063 1037">
     <span class='ocr_line' id='line_1_10' title="bbox 25 968 1063 1037; baseline 0.002 -13"><span class='ocrx_word' id='word_1_66' title='bbox 25 968 111 1026; x_wconf 87' lang='lat' dir='ltr'><strong>cultui</strong></span> <span class='ocrx_word' id='word_1_67' title='bbox 123 969 199 1026; x_wconf 87' lang='lat' dir='ltr'><strong>enim</strong></span> <span class='ocrx_word' id='word_1_68' title='bbox 212 969 318 1028; x_wconf 87' lang='lat' dir='ltr'><strong>Divino</strong></span> <span class='ocrx_word' id='word_1_69' title='bbox 328 990 358 1027; x_wconf 89' lang='lat' dir='ltr'><strong>se</strong></span> <span class='ocrx_word' id='word_1_70' title='bbox 370 971 444 1036; x_wconf 86' lang='lat' dir='ltr'><strong>dare,</strong></span> <span class='ocrx_word' id='word_1_71' title='bbox 458 989 515 1026; x_wconf 88' lang='lat' dir='ltr'><strong>non</strong></span> <span class='ocrx_word' id='word_1_72' title='bbox 530 982 573 1026; x_wconf 89' lang='lat' dir='ltr'><strong>est</strong></span> <span class='ocrx_word' id='word_1_73' title='bbox 584 969 673 1037; x_wconf 89' lang='lat' dir='ltr'><strong>otiari,</strong></span> <span class='ocrx_word' id='word_1_74' title='bbox 689 970 738 1026; x_wconf 84' lang='lat' dir='ltr'><strong>sed</strong></span> <span class='ocrx_word' id='word_1_75' title='bbox 750 969 815 1026; x_wconf 94' lang='lat' dir='ltr'><strong>Deo</strong></span> <span class='ocrx_word' id='word_1_76' title='bbox 825 970 938 1028; x_wconf 85' lang='lat' dir='ltr'><strong>servire.</strong></span> <span class='ocrx_word' id='word_1_77' title='bbox 1059 1018 1063 1026; x_wconf 86' lang='lat'>.</span> 
     </span>
    </p>
   </div>
   <div class='ocr_carea' id='block_1_4' title="bbox 18 1049 1025 3983">
    <p class='ocr_par' dir='ltr' id='par_1_5' title="bbox 25 1049 960 1208">
     <span class='ocr_line' id='line_1_11' title="bbox 61 1049 960 1128; baseline 0.003 -23"><span class='ocrx_word' id='word_1_78' title='bbox 61 1049 202 1113; x_wconf 84' lang='lat' dir='ltr'><strong>Qnaenam</strong></span> <span class='ocrx_word' id='word_1_79' title='bbox 228 1071 311 1128; x_wconf 82' lang='lat' dir='ltr'><strong>opera</strong></span> <span class='ocrx_word' id='word_1_80' title='bbox 333 1051 432 1110; x_wconf 87' lang='lat' dir='ltr'><strong>diebus</strong></span> <span class='ocrx_word' id='word_1_81' title='bbox 456 1050 614 1110; x_wconf 82' lang='lat' dir='ltr'><strong>Dominicis</strong></span> <span class='ocrx_word' id='word_1_82' title='bbox 629 1063 657 1108; x_wconf 93' lang='lat' dir='ltr'><strong>et</strong></span> <span class='ocrx_word' id='word_1_83' title='bbox 673 1050 762 1110; x_wconf 87' lang='lat' dir='ltr'><strong>Festis</strong></span> <span class='ocrx_word' id='word_1_84' title='bbox 776 1049 960 1127; x_wconf 83' lang='lat' dir='ltr'><strong>prohibentur.</strong></span> 
     </span>
     <span class='ocr_line' id='line_1_12' title="bbox 25 1131 241 1208; baseline 0.019 -22"><span class='ocrx_word' id='word_1_85' title='bbox 25 1132 49 1187; x_wconf 90' lang='lat' dir='ltr'><strong>in</strong></span> <span class='ocrx_word' id='word_1_86' title='bbox 63 1151 138 1188; x_wconf 85' lang='lat' dir='ltr'><strong>nova</strong></span> <span class='ocrx_word' id='word_1_87' title='bbox 152 1131 241 1208; x_wconf 82' lang='lat' dir='ltr'><strong>lege?</strong></span> 
     </span>
    </p>

    <p class='ocr_par' dir='ltr' id='par_1_6' title="bbox 23 1213 958 1372">
     <span class='ocr_line' id='line_1_13' title="bbox 60 1213 958 1290; baseline 0.002 -20"><span class='ocrx_word' id='word_1_88' title='bbox 60 1213 99 1270; x_wconf 90' lang='lat' dir='ltr'><strong>R.</strong></span> <span class='ocrx_word' id='word_1_89' title='bbox 120 1213 179 1272; x_wconf 84' lang='lat' dir='ltr'><strong>illa</strong></span> <span class='ocrx_word' id='word_1_90' title='bbox 191 1215 363 1272; x_wconf 87' lang='lat' dir='ltr'><strong>reducuntur</strong></span> <span class='ocrx_word' id='word_1_91' title='bbox 374 1214 409 1272; x_wconf 87' lang='lat' dir='ltr'><strong>ad</strong></span> <span class='ocrx_word' id='word_1_92' title='bbox 424 1213 485 1272; x_wconf 87' lang='lat' dir='ltr'><strong>haec</strong></span> <span class='ocrx_word' id='word_1_93' title='bbox 506 1213 559 1272; x_wconf 81' lang='lat' dir='ltr'><strong>trin</strong></span> <span class='ocrx_word' id='word_1_94' title='bbox 573 1233 684 1288; x_wconf 85' lang='lat' dir='ltr'><strong>genere,</strong></span> <span class='ocrx_word' id='word_1_95' title='bbox 701 1213 809 1272; x_wconf 87' lang='lat' dir='ltr'><strong>scilicet</strong></span> <span class='ocrx_word' id='word_1_96' title='bbox 823 1213 859 1272; x_wconf 93' lang='lat' dir='ltr'><strong>ad</strong></span> <span class='ocrx_word' id='word_1_97' title='bbox 873 1233 958 1290; x_wconf 79' lang='lat' dir='ltr'><strong>opera</strong></span> 
     </span>
     <span class='ocr_line' id='line_1_14' title="bbox 23 1293 697 1372; baseline 0 -20"><span class='ocrx_word' id='word_1_98' title='bbox 23 1294 140 1364; x_wconf 81' lang='lat' dir='ltr'><strong>servilia,</strong></span> <span class='ocrx_word' id='word_1_99' title='bbox 157 1309 311 1353; x_wconf 88' lang='lat' dir='ltr'><strong>mercatum</strong></span> <span class='ocrx_word' id='word_1_100' title='bbox 326 1307 355 1353; x_wconf 90' lang='lat' dir='ltr'><strong>et</strong></span> <span class='ocrx_word' id='word_1_101' title='bbox 369 1295 516 1372; x_wconf 85' lang='lat' dir='ltr'><strong>strepitum</strong></span> <span class='ocrx_word' id='word_1_102' title='bbox 526 1293 697 1372; x_wconf 84' lang='lat' dir='ltr'><strong>judicialem.</strong></span> 
     </span>
    </p>

    <p class='ocr_par' dir='ltr' id='par_1_7' title="bbox 23 1373 985 1682">
     <span class='ocr_line' id='line_1_15' title="bbox 60 1373 985 1454; baseline 0.002 -22"><span class='ocrx_word' id='word_1_103' title='bbox 60 1375 238 1446; x_wconf 86' lang='lat' dir='ltr'><strong>Notandum,</strong></span> <span class='ocrx_word' id='word_1_104' title='bbox 258 1390 369 1454; x_wconf 90' lang='lat' dir='ltr'><strong>tempus</strong></span> <span class='ocrx_word' id='word_1_105' title='bbox 392 1378 448 1436; x_wconf 87' lang='lat' dir='ltr'><strong>diei</strong></span> <span class='ocrx_word' id='word_1_106' title='bbox 472 1376 664 1434; x_wconf 87' lang='lat' dir='ltr'><strong>sanctificandi</strong></span> <span class='ocrx_word' id='word_1_107' title='bbox 687 1377 762 1454; x_wconf 86' lang='lat' dir='ltr'><strong>apud</strong></span> <span class='ocrx_word' id='word_1_108' title='bbox 783 1373 956 1436; x_wconf 77' lang='lat' dir='ltr'><strong>Christianos</strong></span> <span class='ocrx_word' id='word_1_109' title='bbox 981 1419 985 1426; x_wconf 78' lang='lat'><em>,</em></span> 
     </span>
     <span class='ocr_line' id='line_1_16' title="bbox 23 1455 955 1535; baseline 0 -21"><span class='ocrx_word' id='word_1_110' title='bbox 23 1477 79 1515; x_wconf 92' lang='lat' dir='ltr'><strong>esse</strong></span> <span class='ocrx_word' id='word_1_111' title='bbox 93 1455 111 1514; x_wconf 73' lang='lat' dir='ltr'><strong>a</strong></span> <span class='ocrx_word' id='word_1_112' title='bbox 125 1459 222 1517; x_wconf 90' lang='lat' dir='ltr'><strong>media</strong></span> <span class='ocrx_word' id='word_1_113' title='bbox 241 1472 325 1518; x_wconf 89' lang='lat' dir='ltr'><strong>nocte</strong></span> <span class='ocrx_word' id='word_1_114' title='bbox 344 1480 432 1535; x_wconf 87' lang='lat' dir='ltr'><strong>nsque</strong></span> <span class='ocrx_word' id='word_1_115' title='bbox 455 1460 490 1516; x_wconf 89' lang='lat' dir='ltr'><strong>ad</strong></span> <span class='ocrx_word' id='word_1_116' title='bbox 517 1459 637 1517; x_wconf 88' lang='lat' dir='ltr'><strong>mediam</strong></span> <span class='ocrx_word' id='word_1_117' title='bbox 656 1471 766 1516; x_wconf 87' lang='lat' dir='ltr'><strong>noctem</strong></span> <span class='ocrx_word' id='word_1_118' title='bbox 782 1471 955 1534; x_wconf 87' lang='lat' dir='ltr'><strong>sequentem,</strong></span> 
     </span>
     <span class='ocr_line' id='line_1_17' title="bbox 24 1539 954 1618; baseline 0.002 -23"><span class='ocrx_word' id='word_1_119' title='bbox 24 1540 101 1596; x_wconf 85' lang='lat' dir='ltr'><strong>aliter</strong></span> <span class='ocrx_word' id='word_1_120' title='bbox 114 1539 201 1616; x_wconf 78' lang='lat' dir='ltr'><strong>quiam</strong></span> <span class='ocrx_word' id='word_1_121' title='bbox 215 1542 290 1618; x_wconf 90' lang='lat' dir='ltr'><strong>apud</strong></span> <span class='ocrx_word' id='word_1_122' title='bbox 299 1542 319 1600; x_wconf 92' lang='lat' dir='ltr'>J</span> <span class='ocrx_word' id='word_1_123' title='bbox 321 1541 425 1612; x_wconf 80' lang='lat' dir='ltr'><strong>udaeos,</strong></span> <span class='ocrx_word' id='word_1_124' title='bbox 441 1541 488 1618; x_wconf 92' lang='lat' dir='ltr'><strong>qui</strong></span> <span class='ocrx_word' id='word_1_125' title='bbox 503 1540 646 1618; x_wconf 76' lang='lat' dir='ltr'><strong>rivespera</strong></span> <span class='ocrx_word' id='word_1_126' title='bbox 660 1561 749 1616; x_wconf 89' lang='lat' dir='ltr'><strong>usque</strong></span> <span class='ocrx_word' id='word_1_127' title='bbox 764 1539 799 1604; x_wconf 83' lang='lat' dir='ltr'><strong>ad</strong></span> <span class='ocrx_word' id='word_1_128' title='bbox 810 1557 954 1617; x_wconf 83' lang='lat' dir='ltr'><strong>vesperam</strong></span> 
     </span>
     <span class='ocr_line' id='line_1_18' title="bbox 24 1621 399 1682; baseline 0.008 -5"><span class='ocrx_word' id='word_1_129' title='bbox 24 1622 94 1678; x_wconf 90' lang='lat' dir='ltr'><strong>diam</strong></span> <span class='ocrx_word' id='word_1_130' title='bbox 110 1621 230 1680; x_wconf 88' lang='lat' dir='ltr'><strong>Festum</strong></span> <span class='ocrx_word' id='word_1_131' title='bbox 244 1625 399 1682; x_wconf 87' lang='lat' dir='ltr'><strong>servabant.</strong></span> 
     </span>
    </p>

    <p class='ocr_par' dir='ltr' id='par_1_8' title="bbox 59 1699 793 1781">
     <span class='ocr_line' id='line_1_19' title="bbox 59 1699 793 1781; baseline 0.003 -21"><span class='ocrx_word' id='word_1_132' title='bbox 59 1703 139 1778; x_wconf 83' lang='lat' dir='ltr'><strong>Quid</strong></span> <span class='ocrx_word' id='word_1_133' title='bbox 154 1704 319 1780; x_wconf 78' lang='lat' dir='ltr'><strong>intelligitur</strong></span> <span class='ocrx_word' id='word_1_134' title='bbox 332 1725 383 1781; x_wconf 90' lang='lat' dir='ltr'><strong>per</strong></span> <span class='ocrx_word' id='word_1_135' title='bbox 396 1703 544 1780; x_wconf 83' lang='lat' dir='ltr'><strong>strepitum</strong></span> <span class='ocrx_word' id='word_1_136' title='bbox 553 1703 743 1780; x_wconf 78' lang='lat' dir='ltr'><strong>judicialem?</strong></span> <span class='ocrx_word' id='word_1_137' title='bbox 760 1699 763 1706; x_wconf 66' lang='grc'><em>’</em></span> <span class='ocrx_word' id='word_1_138' title='bbox 791 1746 793 1754; x_wconf 64' lang='lat'><strong>,</strong></span> 
     </span>
    </p>

    <p class='ocr_par' dir='ltr' id='par_1_9' title="bbox 21 1783 956 2352">
     <span class='ocr_line' id='line_1_20' title="bbox 56 1783 955 1863; baseline 0.002 -22"><span class='ocrx_word' id='word_1_139' title='bbox 56 1785 97 1841; x_wconf 93' lang='lat' dir='ltr'><strong>ll.</strong></span> <span class='ocrx_word' id='word_1_140' title='bbox 120 1785 161 1842; x_wconf 83' lang='lat' dir='ltr'><strong>R.</strong></span> <span class='ocrx_word' id='word_1_141' title='bbox 174 1785 345 1863; x_wconf 82' lang='lat' dir='ltr'><strong>intelligitur</strong></span> <span class='ocrx_word' id='word_1_142' title='bbox 358 1787 454 1844; x_wconf 89' lang='lat' dir='ltr'><strong>citatio</strong></span> <span class='ocrx_word' id='word_1_143' title='bbox 468 1787 563 1862; x_wconf 87' lang='lat' dir='ltr'><strong>partis,</strong></span> <span class='ocrx_word' id='word_1_144' title='bbox 579 1786 710 1844; x_wconf 82' lang='lat' dir='ltr'><strong>formatio</strong></span> <span class='ocrx_word' id='word_1_145' title='bbox 723 1783 879 1862; x_wconf 79' lang='lat' dir='ltr'><strong>processus,</strong></span> <span class='ocrx_word' id='word_1_146' title='bbox 896 1784 955 1843; x_wconf 84' lang='lat' dir='ltr'><strong>sire</strong></span> 
     </span>
     <span class='ocr_line' id='line_1_21' title="bbox 23 1866 954 1944; baseline 0.002 -20"><span class='ocrx_word' id='word_1_147' title='bbox 23 1866 146 1942; x_wconf 77' lang='lat' dir='ltr'><strong>cognitio</strong></span> <span class='ocrx_word' id='word_1_148' title='bbox 173 1887 273 1936; x_wconf 81' lang='lat' dir='ltr'><strong>causae,</strong></span> <span class='ocrx_word' id='word_1_149' title='bbox 303 1888 420 1926; x_wconf 83' lang='lat' dir='ltr'><strong>examen</strong></span> <span class='ocrx_word' id='word_1_150' title='bbox 448 1867 571 1936; x_wconf 85' lang='lat' dir='ltr'><strong>testium,</strong></span> <span class='ocrx_word' id='word_1_151' title='bbox 595 1867 785 1944; x_wconf 82' lang='lat' dir='ltr'><strong>jurameutum</strong></span> <span class='ocrx_word' id='word_1_152' title='bbox 808 1867 954 1942; x_wconf 81' lang='lat' dir='ltr'><strong>judiciale,</strong></span> 
     </span>
     <span class='ocr_line' id='line_1_22' title="bbox 22 1947 954 2024; baseline 0.002 -20"><span class='ocrx_word' id='word_1_153' title='bbox 22 1947 142 2023; x_wconf 87' lang='lat' dir='ltr'><strong>prolatio</strong></span> <span class='ocrx_word' id='word_1_154' title='bbox 165 1949 322 2020; x_wconf 77' lang='lat' dir='ltr'><strong>sententiaa,</strong></span> <span class='ocrx_word' id='word_1_155' title='bbox 353 1949 422 2006; x_wconf 88' lang='lat' dir='ltr'><strong>item</strong></span> <span class='ocrx_word' id='word_1_156' title='bbox 446 1949 584 2016; x_wconf 82' lang='lat' dir='ltr'><strong>executio,</strong></span> <span class='ocrx_word' id='word_1_157' title='bbox 608 1947 747 2024; x_wconf 91' lang='lat' dir='ltr'><strong>judicium</strong></span> <span class='ocrx_word' id='word_1_158' title='bbox 773 1948 877 2017; x_wconf 85' lang='lat' dir='ltr'><strong>arbitri,</strong></span> <span class='ocrx_word' id='word_1_159' title='bbox 902 1948 954 2008; x_wconf 74' lang='lat' dir='ltr'><strong>dcc.</strong></span> 
     </span>
     <span class='ocr_line' id='line_1_23' title="bbox 23 2028 956 2107; baseline 0.003 -22"><span class='ocrx_word' id='word_1_160' title='bbox 23 2029 58 2086; x_wconf 89' lang='lat' dir='ltr'><strong>ita</strong></span> <span class='ocrx_word' id='word_1_161' title='bbox 70 2041 103 2086; x_wconf 90' lang='lat' dir='ltr'><strong>nt</strong></span> <span class='ocrx_word' id='word_1_162' title='bbox 120 2028 184 2088; x_wconf 81' lang='lat' dir='ltr'><strong>baec</strong></span> <span class='ocrx_word' id='word_1_163' title='bbox 193 2029 338 2107; x_wconf 88' lang='lat' dir='ltr'><strong>judicialia</strong></span> <span class='ocrx_word' id='word_1_164' title='bbox 351 2031 450 2088; x_wconf 86' lang='lat' dir='ltr'><strong>diebus</strong></span> <span class='ocrx_word' id='word_1_165' title='bbox 465 2030 624 2088; x_wconf 85' lang='lat' dir='ltr'><strong>Dominicis</strong></span> <span class='ocrx_word' id='word_1_166' title='bbox 640 2031 685 2087; x_wconf 84' lang='lat' dir='ltr'><strong>vel</strong></span> <span class='ocrx_word' id='word_1_167' title='bbox 705 2029 797 2088; x_wconf 84' lang='lat' dir='ltr'><strong>Festis</strong></span> <span class='ocrx_word' id='word_1_168' title='bbox 811 2029 956 2088; x_wconf 79' lang='lat' dir='ltr'><strong>laetasint</strong></span> 
     </span>
     <span class='ocr_line' id='line_1_24' title="bbox 21 2109 952 2190; baseline 0.003 -23"><span class='ocrx_word' id='word_1_169' title='bbox 21 2110 94 2170; x_wconf 79' lang='lat' dir='ltr'><strong>irrita</strong></span> <span class='ocrx_word' id='word_1_170' title='bbox 116 2109 203 2188; x_wconf 81' lang='lat' dir='ltr'><strong>juxta</strong></span> <span class='ocrx_word' id='word_1_171' title='bbox 227 2132 288 2190; x_wconf 89' lang='lat' dir='ltr'><strong>cap.</strong></span> <span class='ocrx_word' id='word_1_172' title='bbox 330 2111 455 2170; x_wconf 66' lang='lat' dir='ltr'><strong>Fruere</strong></span> <span class='ocrx_word' id='word_1_173' title='bbox 481 2113 546 2170; x_wconf 87' lang='lat' dir='ltr'><strong>“ds</strong></span> <span class='ocrx_word' id='word_1_174' title='bbox 568 2111 683 2180; x_wconf 83' lang='lat' dir='ltr'><strong>Feriis,”</strong></span> <span class='ocrx_word' id='word_1_175' title='bbox 713 2111 767 2170; x_wconf 83' lang='lat' dir='ltr'><strong>nisi</strong></span> <span class='ocrx_word' id='word_1_176' title='bbox 800 2111 952 2170; x_wconf 84' lang='lat' dir='ltr'><strong>necessitas</strong></span> 
     </span>
     <span class='ocr_line' id='line_1_25' title="bbox 22 2193 954 2271; baseline 0.002 -21"><span class='ocrx_word' id='word_1_177' title='bbox 22 2205 116 2268; x_wconf 82' lang='lat' dir='ltr'><strong>urgeat</strong></span> <span class='ocrx_word' id='word_1_178' title='bbox 132 2193 178 2251; x_wconf 86' lang='lat' dir='ltr'><strong>vel</strong></span> <span class='ocrx_word' id='word_1_179' title='bbox 191 2193 283 2271; x_wconf 85' lang='lat' dir='ltr'><strong>pistas</strong></span> <span class='ocrx_word' id='word_1_180' title='bbox 303 2195 427 2261; x_wconf 83' lang='lat' dir='ltr'><strong>suadeat,</strong></span> <span class='ocrx_word' id='word_1_181' title='bbox 448 2205 481 2250; x_wconf 85' lang='lat' dir='ltr'><strong>ut</strong></span> <span class='ocrx_word' id='word_1_182' title='bbox 494 2193 596 2252; x_wconf 85' lang='lat' dir='ltr'><strong>ibidem</strong></span> <span class='ocrx_word' id='word_1_183' title='bbox 613 2193 745 2253; x_wconf 85' lang='lat' dir='ltr'><strong>Pontifex</strong></span> <span class='ocrx_word' id='word_1_184' title='bbox 758 2193 837 2252; x_wconf 87' lang='lat' dir='ltr'><strong>dicit.</strong></span> <span class='ocrx_word' id='word_1_185' title='bbox 878 2193 954 2252; x_wconf 88' lang='lat' dir='ltr'><strong>Vide</strong></span> 
     </span>
     <span class='ocr_line' id='line_1_26' title="bbox 23 2273 596 2352; baseline 0.003 -22"><span class='ocrx_word' id='word_1_186' title='bbox 23 2273 102 2332; x_wconf 87' lang='lat' dir='ltr'><strong>etiarn</strong></span> <span class='ocrx_word' id='word_1_187' title='bbox 117 2273 213 2352; x_wconf 87' lang='lat' dir='ltr'><strong>legem</strong></span> <span class='ocrx_word' id='word_1_188' title='bbox 224 2277 252 2334; x_wconf 81' lang='grc'><strong>7.</strong></span> <span class='ocrx_word' id='word_1_189' title='bbox 267 2275 372 2334; x_wconf 88' lang='lat' dir='ltr'><strong>codicis</strong></span> <span class='ocrx_word' id='word_1_190' title='bbox 385 2275 433 2332; x_wconf 86' lang='lat' dir='ltr'><strong>lib.</strong></span> <span class='ocrx_word' id='word_1_191' title='bbox 448 2277 476 2332; x_wconf 84' lang='lat'><strong>3.</strong></span> <span class='ocrx_word' id='word_1_192' title='bbox 489 2275 533 2334; x_wconf 83' lang='lat' dir='ltr'><strong>cit.</strong></span> <span class='ocrx_word' id='word_1_193' title='bbox 549 2277 596 2332; x_wconf 77' lang='lat'><strong>12.</strong></span> 
     </span>
    </p>

    <p class='ocr_par' dir='ltr' id='par_1_10' title="bbox 22 2355 952 2516">
     <span class='ocr_line' id='line_1_27' title="bbox 59 2355 952 2434; baseline 0.004 -22"><span class='ocrx_word' id='word_1_194' title='bbox 59 2355 141 2414; x_wconf 88' lang='lat' dir='ltr'><strong>Hinc</strong></span> <span class='ocrx_word' id='word_1_195' title='bbox 154 2356 264 2427; x_wconf 88' lang='lat' dir='ltr'><strong>citatus,</strong></span> <span class='ocrx_word' id='word_1_196' title='bbox 285 2369 317 2414; x_wconf 89' lang='lat' dir='ltr'><strong>ut</strong></span> <span class='ocrx_word' id='word_1_197' title='bbox 331 2357 403 2414; x_wconf 90' lang='lat' dir='ltr'><strong>intra</strong></span> <span class='ocrx_word' id='word_1_198' title='bbox 416 2369 481 2414; x_wconf 88' lang='lat' dir='ltr'><strong>octo</strong></span> <span class='ocrx_word' id='word_1_199' title='bbox 495 2357 554 2414; x_wconf 89' lang='lat' dir='ltr'><strong>dies</strong></span> <span class='ocrx_word' id='word_1_200' title='bbox 566 2368 733 2434; x_wconf 90' lang='lat' dir='ltr'><strong>compareat,</strong></span> <span class='ocrx_word' id='word_1_201' title='bbox 754 2356 779 2413; x_wconf 94' lang='lat' dir='ltr'><strong>si</strong></span> <span class='ocrx_word' id='word_1_202' title='bbox 793 2355 838 2413; x_wconf 88' lang='lat' dir='ltr'><strong>dio</strong></span> <span class='ocrx_word' id='word_1_203' title='bbox 853 2369 952 2416; x_wconf 84' lang='lat' dir='ltr'><strong>octavo</strong></span> 
     </span>
     <span class='ocr_line' id='line_1_28' title="bbox 22 2437 903 2516; baseline 0.003 -23"><span class='ocrx_word' id='word_1_204' title='bbox 22 2437 54 2494; x_wconf 89' lang='lat' dir='ltr'><strong>sit</strong></span> <span class='ocrx_word' id='word_1_205' title='bbox 68 2437 195 2507; x_wconf 83' lang='lat' dir='ltr'><strong>Festum,</strong></span> <span class='ocrx_word' id='word_1_206' title='bbox 209 2450 336 2516; x_wconf 85' lang='lat' dir='ltr'><strong>tempore</strong></span> <span class='ocrx_word' id='word_1_207' title='bbox 349 2451 415 2515; x_wconf 83' lang='lat' dir='ltr'><strong>apto</strong></span> <span class='ocrx_word' id='word_1_208' title='bbox 428 2449 492 2496; x_wconf 80' lang='lat' dir='ltr'><strong>ante</strong></span> <span class='ocrx_word' id='word_1_209' title='bbox 507 2437 621 2496; x_wconf 82' lang='lat' dir='ltr'><strong>Festum</strong></span> <span class='ocrx_word' id='word_1_210' title='bbox 636 2453 796 2515; x_wconf 84' lang='lat' dir='ltr'><strong>comparere</strong></span> <span class='ocrx_word' id='word_1_211' title='bbox 810 2439 903 2496; x_wconf 86' lang='lat' dir='ltr'><strong>debet.</strong></span> 
     </span>
    </p>

    <p class='ocr_par' dir='ltr' id='par_1_11' title="bbox 18 2518 954 2842">
     <span class='ocr_line' id='line_1_29' title="bbox 59 2518 954 2597; baseline 0.003 -22"><span class='ocrx_word' id='word_1_212' title='bbox 59 2520 153 2578; x_wconf 88' lang='lat' dir='ltr'><strong>Actus</strong></span> <span class='ocrx_word' id='word_1_213' title='bbox 175 2531 269 2578; x_wconf 86' lang='lat' dir='ltr'><strong>tamen</strong></span> <span class='ocrx_word' id='word_1_214' title='bbox 284 2520 445 2578; x_wconf 75' lang='lat' dir='ltr'><strong>voluntarius</strong></span> <span class='ocrx_word' id='word_1_215' title='bbox 465 2518 676 2595; x_wconf 86' lang='lat' dir='ltr'><strong>jurisdictionis,</strong></span> <span class='ocrx_word' id='word_1_216' title='bbox 695 2521 743 2595; x_wconf 87' lang='lat' dir='ltr'><strong>qui</strong></span> <span class='ocrx_word' id='word_1_217' title='bbox 759 2520 819 2578; x_wconf 73' lang='lat' dir='ltr'><strong>sins</strong></span> <span class='ocrx_word' id='word_1_218' title='bbox 832 2519 954 2597; x_wconf 86' lang='lat' dir='ltr'><strong>strepitu</strong></span> 
     </span>
     <span class='ocr_line' id='line_1_30' title="bbox 18 2597 950 2680; baseline 0.002 -24"><span class='ocrx_word' id='word_1_219' title='bbox 18 2597 143 2673; x_wconf 79' lang='lat' dir='ltr'><strong>judiciali</strong></span> <span class='ocrx_word' id='word_1_220' title='bbox 157 2602 237 2669; x_wconf 85' lang='lat' dir='ltr'><strong>fiunt,</strong></span> <span class='ocrx_word' id='word_1_221' title='bbox 251 2621 306 2658; x_wconf 91' lang='lat' dir='ltr'><strong>nou</strong></span> <span class='ocrx_word' id='word_1_222' title='bbox 320 2611 386 2660; x_wconf 87' lang='lat' dir='ltr'><strong>sunt</strong></span> <span class='ocrx_word' id='word_1_223' title='bbox 399 2601 478 2668; x_wconf 88' lang='lat' dir='ltr'><strong>irriti,</strong></span> <span class='ocrx_word' id='word_1_224' title='bbox 493 2611 525 2660; x_wconf 89' lang='lat' dir='ltr'><strong>ut</strong></span> <span class='ocrx_word' id='word_1_225' title='bbox 539 2622 565 2658; x_wconf 86' lang='lat' dir='ltr'><strong>v.</strong></span> <span class='ocrx_word' id='word_1_226' title='bbox 578 2622 605 2676; x_wconf 88' lang='lat' dir='ltr'><strong>g.</strong></span> <span class='ocrx_word' id='word_1_227' title='bbox 617 2601 797 2680; x_wconf 82' lang='lat' dir='ltr'><strong>dispensatio,</strong></span> <span class='ocrx_word' id='word_1_228' title='bbox 812 2601 950 2659; x_wconf 86' lang='lat' dir='ltr'><strong>absolutio</strong></span> 
     </span>
     <span class='ocr_line' id='line_1_31' title="bbox 23 2681 951 2760; baseline 0.004 -22"><span class='ocrx_word' id='word_1_229' title='bbox 23 2681 184 2752; x_wconf 81' lang='lat' dir='ltr'><strong>ricensuris,</strong></span> <span class='ocrx_word' id='word_1_230' title='bbox 205 2683 316 2752; x_wconf 81' lang='lat' dir='ltr'><strong>electio,</strong></span> <span class='ocrx_word' id='word_1_231' title='bbox 331 2684 383 2742; x_wconf 73' lang='lat' dir='ltr'><strong>&amp;e</strong></span> <span class='ocrx_word' id='word_1_232' title='bbox 424 2683 497 2742; x_wconf 91' lang='lat' dir='ltr'><strong>Vide</strong></span> <span class='ocrx_word' id='word_1_233' title='bbox 511 2683 591 2760; x_wconf 89' lang='lat' dir='ltr'><strong>plura</strong></span> <span class='ocrx_word' id='word_1_234' title='bbox 605 2685 680 2760; x_wconf 86' lang='lat' dir='ltr'><strong>opud</strong></span> <span class='ocrx_word' id='word_1_235' title='bbox 692 2683 834 2742; x_wconf 86' lang='lat' dir='ltr'><strong>Bouaciua</strong></span> <span class='ocrx_word' id='word_1_236' title='bbox 847 2685 882 2740; x_wconf 86' lang='lat' dir='ltr'><strong>sd</strong></span> <span class='ocrx_word' id='word_1_237' title='bbox 896 2697 951 2742; x_wconf 91' lang='lat' dir='ltr'><strong>ter·</strong></span> 
     </span>
     <span class='ocr_line' id='line_1_32' title="bbox 23 2763 440 2842; baseline 0.007 -24"><span class='ocrx_word' id='word_1_238' title='bbox 23 2763 87 2819; x_wconf 90' lang='lat' dir='ltr'><strong>tium</strong></span> <span class='ocrx_word' id='word_1_239' title='bbox 104 2763 243 2842; x_wconf 86' lang='lat' dir='ltr'><strong>Decslogi</strong></span> <span class='ocrx_word' id='word_1_240' title='bbox 258 2777 440 2842; x_wconf 79' lang='lat' dir='ltr'><strong>prmneptnm.</strong></span> 
     </span>
    </p>

    <p class='ocr_par' dir='ltr' id='par_1_12' title="bbox 59 2845 948 2922">
     <span class='ocr_line' id='line_1_33' title="bbox 59 2845 948 2922; baseline 0.004 -20"><span class='ocrx_word' id='word_1_241' title='bbox 59 2845 136 2908; x_wconf 87' lang='lat' dir='ltr'><strong>Quid</strong></span> <span class='ocrx_word' id='word_1_242' title='bbox 148 2845 315 2922; x_wconf 77' lang='lat' dir='ltr'><strong>intelligitur</strong></span> <span class='ocrx_word' id='word_1_243' title='bbox 327 2866 378 2922; x_wconf 88' lang='lat' dir='ltr'><strong>per</strong></span> <span class='ocrx_word' id='word_1_244' title='bbox 389 2857 541 2904; x_wconf 89' lang='lat' dir='ltr'><strong>mercatum</strong></span> <span class='ocrx_word' id='word_1_245' title='bbox 553 2845 635 2904; x_wconf 88' lang='lat' dir='ltr'><strong>dictis</strong></span> <span class='ocrx_word' id='word_1_246' title='bbox 646 2846 745 2906; x_wconf 91' lang='lat' dir='ltr'><strong>diebus</strong></span> <span class='ocrx_word' id='word_1_247' title='bbox 755 2845 924 2922; x_wconf 87' lang='lat' dir='ltr'><strong>prohibitum</strong></span> <span class='ocrx_word' id='word_1_248' title='bbox 937 2849 948 2906; x_wconf 79' lang='lat' dir='ltr'><strong>l</strong></span> 
     </span>
    </p>

    <p class='ocr_par' dir='ltr' id='par_1_13' title="bbox 22 2927 1025 3250">
     <span class='ocr_line' id='line_1_34' title="bbox 58 2927 949 3003; baseline 0.002 -20"><span class='ocrx_word' id='word_1_249' title='bbox 58 2927 115 2983; x_wconf 90' lang='grc' dir='ltr'><strong>ΙΙΙ.</strong></span> <span class='ocrx_word' id='word_1_250' title='bbox 132 2927 159 2986; x_wconf 89' lang='lat' dir='ltr'>R</span> <span class='ocrx_word' id='word_1_251' title='bbox 185 2927 385 3003; x_wconf 90' lang='lat' dir='ltr'><strong>Intelliguntur</strong></span> <span class='ocrx_word' id='word_1_252' title='bbox 396 2928 537 2996; x_wconf 75' lang='lat' dir='ltr'><strong>nundinae,</strong></span> <span class='ocrx_word' id='word_1_253' title='bbox 551 2947 615 3002; x_wconf 77' lang='lat' dir='ltr'><strong>quas</strong></span> <span class='ocrx_word' id='word_1_254' title='bbox 629 2929 715 2986; x_wconf 87' lang='lat' dir='ltr'><strong>semel</strong></span> <span class='ocrx_word' id='word_1_255' title='bbox 726 2941 774 2984; x_wconf 90' lang='lat' dir='ltr'><strong>aut</strong></span> <span class='ocrx_word' id='word_1_256' title='bbox 785 2928 865 2984; x_wconf 87' lang='lat' dir='ltr'><strong>bisin</strong></span> <span class='ocrx_word' id='word_1_257' title='bbox 876 2947 949 2986; x_wconf 89' lang='lat' dir='ltr'><strong>anno</strong></span> 
     </span>
     <span class='ocr_line' id='line_1_35' title="bbox 22 3007 949 3086; baseline 0.005 -24"><span class='ocrx_word' id='word_1_258' title='bbox 22 3007 98 3076; x_wconf 84' lang='lat' dir='ltr'><strong>liunt,</strong></span> <span class='ocrx_word' id='word_1_259' title='bbox 112 3008 181 3066; x_wconf 87' lang='lat' dir='ltr'><strong>itsrn</strong></span> <span class='ocrx_word' id='word_1_260' title='bbox 196 3027 259 3085; x_wconf 83' lang='lat' dir='ltr'><strong>qnae</strong></span> <span class='ocrx_word' id='word_1_261' title='bbox 273 3009 390 3086; x_wconf 90' lang='lat' dir='ltr'><strong>singulis</strong></span> <span class='ocrx_word' id='word_1_262' title='bbox 403 3007 625 3066; x_wconf 86' lang='lat' dir='ltr'><strong>hebdomadibus</strong></span> <span class='ocrx_word' id='word_1_263' title='bbox 639 3020 825 3084; x_wconf 84' lang='lat' dir='ltr'><strong>peraguntur:</strong></span> <span class='ocrx_word' id='word_1_264' title='bbox 846 3009 949 3072; x_wconf 78' lang='lat' dir='ltr'><strong>intelli·</strong></span> 
     </span>
     <span class='ocr_line' id='line_1_36' title="bbox 22 3089 1025 3167; baseline 0 -23"><span class='ocrx_word' id='word_1_265' title='bbox 22 3101 122 3162; x_wconf 87' lang='lat' dir='ltr'><strong>guntur</strong></span> <span class='ocrx_word' id='word_1_266' title='bbox 139 3090 222 3148; x_wconf 85' lang='lat' dir='ltr'><strong>etiam</strong></span> <span class='ocrx_word' id='word_1_267' title='bbox 247 3103 407 3150; x_wconf 84' lang='lat' dir='ltr'><strong>contractus</strong></span> <span class='ocrx_word' id='word_1_268' title='bbox 429 3089 587 3167; x_wconf 86' lang='lat' dir='ltr'><strong>emptionis,</strong></span> <span class='ocrx_word' id='word_1_269' title='bbox 609 3090 785 3158; x_wconf 87' lang='lat' dir='ltr'><strong>venditionis,</strong></span> <span class='ocrx_word' id='word_1_270' title='bbox 807 3103 950 3166; x_wconf 76' lang='lat' dir='ltr'><strong>permuta·</strong></span> <span class='ocrx_word' id='word_1_271' title='bbox 1023 3135 1025 3144; x_wconf 31' lang='grc' dir='ltr'>ι</span> 
     </span>
     <span class='ocr_line' id='line_1_37' title="bbox 23 3169 890 3250; baseline 0.007 -26"><span class='ocrx_word' id='word_1_272' title='bbox 23 3169 111 3239; x_wconf 85' lang='lat' dir='ltr'><strong>tionis,</strong></span> <span class='ocrx_word' id='word_1_273' title='bbox 133 3171 291 3250; x_wconf 73' lang='lat' dir='ltr'><strong>locationis,</strong></span> <span class='ocrx_word' id='word_1_274' title='bbox 311 3171 362 3230; x_wconf 67' lang='lat' dir='ltr'><strong>tic.</strong></span> <span class='ocrx_word' id='word_1_275' title='bbox 384 3171 442 3229; x_wconf 89' lang='lat' dir='ltr'><strong>sive</strong></span> <span class='ocrx_word' id='word_1_276' title='bbox 457 3171 577 3248; x_wconf 71' lang='lat' dir='ltr'><strong>publice,</strong></span> <span class='ocrx_word' id='word_1_277' title='bbox 595 3172 656 3230; x_wconf 89' lang='lat' dir='ltr'><strong>sive</strong></span> <span class='ocrx_word' id='word_1_278' title='bbox 669 3171 797 3248; x_wconf 80' lang='lat' dir='ltr'><strong>privatim</strong></span> <span class='ocrx_word' id='word_1_279' title='bbox 812 3173 890 3232; x_wconf 86' lang='lat' dir='ltr'><strong>liant.</strong></span> 
     </span>
    </p>

    <p class='ocr_par' dir='ltr' id='par_1_14' title="bbox 23 3252 951 3983">
     <span class='ocr_line' id='line_1_38' title="bbox 59 3252 950 3333; baseline 0.007 -25"><span class='ocrx_word' id='word_1_280' title='bbox 59 3252 199 3316; x_wconf 82' lang='lat' dir='ltr'><strong>Quaedam</strong></span> <span class='ocrx_word' id='word_1_281' title='bbox 212 3263 308 3312; x_wconf 86' lang='lat' dir='ltr'><strong>tamen</strong></span> <span class='ocrx_word' id='word_1_282' title='bbox 323 3255 359 3311; x_wconf 95' lang='lat' dir='ltr'><strong>ob</strong></span> <span class='ocrx_word' id='word_1_283' title='bbox 373 3253 604 3311; x_wconf 88' lang='lat' dir='ltr'><strong>consuetudinem</strong></span> <span class='ocrx_word' id='word_1_284' title='bbox 618 3253 854 3312; x_wconf 87' lang='lat' dir='ltr'><strong>consentientibus</strong></span> <span class='ocrx_word' id='word_1_285' title='bbox 868 3273 950 3333; x_wconf 84' lang='lat' dir='ltr'><strong>supe·</strong></span> 
     </span>
     <span class='ocr_line' id='line_1_39' title="bbox 23 3332 951 3413; baseline 0.012 -26"><span class='ocrx_word' id='word_1_286' title='bbox 23 3332 138 3392; x_wconf 80' lang='lat' dir='ltr'><strong>rioribus</strong></span> <span class='ocrx_word' id='word_1_287' title='bbox 148 3335 356 3413; x_wconf 81' lang='lat' dir='ltr'><strong>permittuntur,</strong></span> <span class='ocrx_word' id='word_1_288' title='bbox 371 3347 454 3413; x_wconf 85' lang='lat' dir='ltr'><strong>prout</strong></span> <span class='ocrx_word' id='word_1_289' title='bbox 465 3335 589 3412; x_wconf 85' lang='lat' dir='ltr'><strong>permitti</strong></span> <span class='ocrx_word' id='word_1_290' title='bbox 602 3335 674 3394; x_wconf 88' lang='lat' dir='ltr'><strong>solet</strong></span> <span class='ocrx_word' id='word_1_291' title='bbox 688 3337 716 3392; x_wconf 88' lang='lat' dir='ltr'><strong>in</strong></span> <span class='ocrx_word' id='word_1_292' title='bbox 731 3335 842 3394; x_wconf 87' lang='lat' dir='ltr'><strong>officina</strong></span> <span class='ocrx_word' id='word_1_293' title='bbox 855 3335 951 3398; x_wconf 78' lang='lat' dir='ltr'><strong>clausa</strong></span> 
     </span>
     <span class='ocr_line' id='line_1_40' title="bbox 23 3416 949 3494; baseline 0.006 -23"><span class='ocrx_word' id='word_1_294' title='bbox 23 3416 124 3492; x_wconf 83' lang='lat' dir='ltr'><strong>emptio</strong></span> <span class='ocrx_word' id='word_1_295' title='bbox 134 3435 226 3474; x_wconf 85' lang='lat' dir='ltr'><strong>rernm</strong></span> <span class='ocrx_word' id='word_1_296' title='bbox 235 3419 416 3494; x_wconf 81' lang='lat' dir='ltr'><strong>quarumdam</strong></span> <span class='ocrx_word' id='word_1_297' title='bbox 425 3417 587 3492; x_wconf 82' lang='lat' dir='ltr'><strong>exiguarum</strong></span> <span class='ocrx_word' id='word_1_298' title='bbox 597 3417 633 3474; x_wconf 86' lang='lat' dir='ltr'><strong>sd</strong></span> <span class='ocrx_word' id='word_1_299' title='bbox 641 3417 745 3476; x_wconf 84' lang='lat' dir='ltr'><strong>rictum</strong></span> <span class='ocrx_word' id='word_1_300' title='bbox 756 3417 949 3492; x_wconf 86' lang='lat' dir='ltr'><strong>quotidianum</strong></span> 
     </span>
     <span class='ocr_line' id='line_1_41' title="bbox 25 3496 951 3574; baseline 0.008 -22"><span class='ocrx_word' id='word_1_301' title='bbox 25 3499 215 3572; x_wconf 81' lang='lat' dir='ltr'><strong>spectantium,</strong></span> <span class='ocrx_word' id='word_1_302' title='bbox 245 3512 277 3558; x_wconf 90' lang='lat' dir='ltr'><strong>ut</strong></span> <span class='ocrx_word' id='word_1_303' title='bbox 302 3498 375 3567; x_wconf 87' lang='lat' dir='ltr'><strong>salis,</strong></span> <span class='ocrx_word' id='word_1_304' title='bbox 404 3498 518 3574; x_wconf 85' lang='lat' dir='ltr'><strong>piperis,</strong></span> <span class='ocrx_word' id='word_1_305' title='bbox 545 3496 676 3566; x_wconf 82' lang='lat' dir='ltr'><strong>ssccbari,</strong></span> <span class='ocrx_word' id='word_1_306' title='bbox 707 3499 758 3556; x_wconf 74' lang='lat' dir='ltr'><strong>ee.</strong></span> <span class='ocrx_word' id='word_1_307' title='bbox 787 3499 880 3574; x_wconf 84' lang='lat' dir='ltr'><strong>idque,</strong></span> <span class='ocrx_word' id='word_1_308' title='bbox 909 3500 951 3560; x_wconf 88' lang='lat' dir='ltr'><strong>ait</strong></span> 
     </span>
     <span class='ocr_line' id='line_1_42' title="bbox 24 3577 948 3642; baseline 0.01 -9"><span class='ocrx_word' id='word_1_309' title='bbox 24 3577 228 3638; x_wconf 81' lang='lat' dir='ltr'><strong>illustrissimus</strong></span> <span class='ocrx_word' id='word_1_310' title='bbox 245 3581 356 3638; x_wconf 84' lang='lat' dir='ltr'><strong>Horius</strong></span> <span class='ocrx_word' id='word_1_311' title='bbox 371 3580 398 3636; x_wconf 91' lang='lat' dir='ltr'><strong>in</strong></span> <span class='ocrx_word' id='word_1_312' title='bbox 414 3580 576 3638; x_wconf 83' lang='lat' dir='ltr'><strong>decretoria</strong></span> <span class='ocrx_word' id='word_1_313' title='bbox 601 3579 788 3638; x_wconf 78' lang='lat' dir='ltr'><strong>celebratione</strong></span> <span class='ocrx_word' id='word_1_314' title='bbox 802 3579 948 3642; x_wconf 80' lang='lat' dir='ltr'><strong>Festorsm</strong></span> 
     </span>
     <span class='ocr_line' id='line_1_43' title="bbox 25 3660 951 3740; baseline 0.005 -23"><span class='ocrx_word' id='word_1_315' title='bbox 25 3660 56 3718; x_wconf 88' lang='lat' dir='ltr'><strong>de</strong></span> <span class='ocrx_word' id='word_1_316' title='bbox 69 3661 115 3718; x_wconf 88' lang='lat' dir='ltr'><strong>die</strong></span> <span class='ocrx_word' id='word_1_317' title='bbox 129 3661 157 3720; x_wconf 88' lang='grc'><strong>9.</strong></span> <span class='ocrx_word' id='word_1_318' title='bbox 180 3662 353 3740; x_wconf 87' lang='lat' dir='ltr'><strong>Septembris</strong></span> <span class='ocrx_word' id='word_1_319' title='bbox 377 3663 464 3718; x_wconf 83' lang='lat'><strong>1596.</strong></span> <span class='ocrx_word' id='word_1_320' title='bbox 485 3663 522 3719; x_wconf 88' lang='lat' dir='ltr'><strong>ob</strong></span> <span class='ocrx_word' id='word_1_321' title='bbox 545 3661 749 3720; x_wconf 84' lang='lat' dir='ltr'><strong>nenessitatem.</strong></span> <span class='ocrx_word' id='word_1_322' title='bbox 791 3661 951 3722; x_wconf 82' lang='lat' dir='ltr'><strong>Decretum</strong></span> 
     </span>
     <span class='ocr_line' id='line_1_44' title="bbox 23 3739 949 3820; baseline 0.003 -20"><span class='ocrx_word' id='word_1_323' title='bbox 23 3739 73 3800; x_wconf 81' lang='lat' dir='ltr'><strong>boe</strong></span> <span class='ocrx_word' id='word_1_324' title='bbox 87 3742 202 3802; x_wconf 90' lang='lat' dir='ltr'><strong>babetur</strong></span> <span class='ocrx_word' id='word_1_325' title='bbox 215 3745 251 3802; x_wconf 92' lang='lat' dir='ltr'><strong>ad</strong></span> <span class='ocrx_word' id='word_1_326' title='bbox 265 3743 369 3816; x_wconf 84' lang='lat' dir='ltr'><strong>calcem</strong></span> <span class='ocrx_word' id='word_1_327' title='bbox 388 3741 563 3820; x_wconf 87' lang='lat' dir='ltr'><strong>Synodorum</strong></span> <span class='ocrx_word' id='word_1_328' title='bbox 579 3741 824 3810; x_wconf 77' lang='lat' dir='ltr'><strong>Mecbliniensnm,</strong></span> <span class='ocrx_word' id='word_1_329' title='bbox 840 3743 949 3804; x_wconf 71' lang='lat' dir='ltr'><strong>ultimas</strong></span> 
     </span>
     <span class='ocr_line' id='line_1_45' title="bbox 24 3824 948 3902; baseline 0.004 -24"><span class='ocrx_word' id='word_1_330' title='bbox 24 3824 158 3894; x_wconf 87' lang='lat' dir='ltr'><strong>editionis,</strong></span> <span class='ocrx_word' id='word_1_331' title='bbox 181 3839 210 3884; x_wconf 89' lang='lat' dir='ltr'><strong>et</strong></span> <span class='ocrx_word' id='word_1_332' title='bbox 231 3826 261 3882; x_wconf 91' lang='lat' dir='ltr'><strong>in</strong></span> <span class='ocrx_word' id='word_1_333' title='bbox 274 3845 309 3884; x_wconf 88' lang='lat' dir='ltr'><strong>eo</strong></span> <span class='ocrx_word' id='word_1_334' title='bbox 323 3824 405 3882; x_wconf 79' lang='lat' dir='ltr'><strong>latiis</strong></span> <span class='ocrx_word' id='word_1_335' title='bbox 419 3824 583 3902; x_wconf 81' lang='lat' dir='ltr'><strong>explicatur,</strong></span> <span class='ocrx_word' id='word_1_336' title='bbox 604 3842 720 3899; x_wconf 87' lang='lat' dir='ltr'><strong>quarum</strong></span> <span class='ocrx_word' id='word_1_337' title='bbox 734 3844 828 3884; x_wconf 87' lang='lat' dir='ltr'><strong>rerum</strong></span> <span class='ocrx_word' id='word_1_338' title='bbox 840 3826 948 3902; x_wconf 82' lang='lat' dir='ltr'><strong>empoti</strong></span> 
     </span>
     <span class='ocr_line' id='line_1_46' title="bbox 24 3907 311 3983; baseline 0.01 -22"><span class='ocrx_word' id='word_1_339' title='bbox 24 3917 50 3962; x_wconf 91' lang='lat' dir='ltr'><strong>et</strong></span> <span class='ocrx_word' id='word_1_340' title='bbox 64 3926 205 3983; x_wconf 89' lang='lat' dir='ltr'><strong>quousque</strong></span> <span class='ocrx_word' id='word_1_341' title='bbox 219 3907 311 3965; x_wconf 88' lang='lat' dir='ltr'><strong>liceat.</strong></span> 
     </span>
    </p>
   </div>
   <div class='ocr_carea' id='block_1_5' title="bbox 0 0 1128 4070">
    <p class='ocr_par' dir='ltr' id='par_1_15' title="bbox 0 0 1128 4070">
     <span class='ocr_line' id='line_1_47' title="bbox 0 0 1128 4070; baseline 0 0"><span class='ocrx_word' id='word_1_342' title='bbox 0 0 1128 4070; x_wconf 95' lang='lat' dir='ltr'><strong> </strong></span> 
     </span>
    </p>
   </div>
  </div>
 </body>
</html>
