2224 4050
143 139 185 203 54
519 159 713 206 assereres

186 305 245 366 111.
266 304 373 364 Eidem
404 306 572 370 necessitate
597 308 701 384 requiri
729 308 814 366 iidem
841 305 1002 384 explicitum
1026 305 1088 366 SS.

145 387 301 452 Trinitatis,
325 390 458 464 probatur
470 409 506 447 ex
528 409 572 459 eo,
586 391 662 466 qubd
683 390 743 448 sine
765 389 898 466 explicita
917 390 973 448 fide
994 388 1088 466 hujus

146 469 281 548 Mystsrii
294 467 392 528 baberi
406 489 462 526 non
475 471 565 547 possit
579 471 648 528 fides
669 469 801 548 explicita
814 471 1026 542 lucarnatiouis,
1053 482 1089 527 ut

148 553 242 610 dccet.
258 549 288 610 S.
303 548 357 608 Tb.
372 549 442 628 q.‘2.
456 566 507 610 art.
522 553 551 610 8.
572 549 600 610 in
622 558 641 588 “
653 551 755 630 (30er

189 632 303 692 Deinde
317 631 441 691 Trinitas
455 645 500 690 est
511 633 632 710 primum
646 634 713 692 fidei
727 645 830 692 nostrus
843 645 873 691 et
897 632 1089 692 beatitudinis

148 713 289 792 objectum
299 726 350 784 pet
359 715 529 792 Baptismus,
540 715 589 791 qui
601 727 644 773 est
653 715 864 774 Sacramentum
874 716 949 786 fidei,
958 714 1091 774 conferri

147 796 307 856 necessarie
329 796 413 856 debet
435 797 487 852 sub
507 815 639 872 expressa
653 797 706 856 SS.
721 797 867 856 Trinitatis
886 796 1089 856 invocatione:

150 894 218 954 ergo
238 875 321 954 hujus
345 877 471 954 mysterii
492 876 562 935 tides
586 878 700 936 omnino
722 879 758 936 ad
779 879 898 936 salutem
924 877 1092 936 necessaria

149 959 270 1017 videtur.
312 957 434 1016 Accedit
447 959 561 1018 truditis
576 959 692 1018 Petrum
705 972 736 1018 et
748 957 1093 1018 eommumtere'rheo·

149 1041 277 1118 iugorum
292 1057 399 1098 sensus.

192 1119 259 1198 Obj.
283 1120 308 1178 Ι.
328 1120 468 1198 Tempore
481 1122 585 1180 ueteris
597 1120 687 1200 Legis
698 1121 826 1182 homines
839 1121 939 1181 salvari
951 1133 1093 1200 poterant

148 1203 214 1262 aine
226 1201 283 1260 lide
296 1201 429 1279 explicite
443 1203 654 1275 luminationis,
674 1219 705 1264 at
719 1206 772 1266 SS.
786 1204 951 1262 Trinitatis:
970 1223 1043 1282 ergo
1059 1216 1093 1262 et

152 1297 279 1362 tempore
289 1303 370 1341 ncvae
384 1283 470 1361 Legis
481 1307 489 1354 ς
500 1287 569 1360 quia
580 1305 631 1364 per
643 1286 751 1364 Legem
765 1305 866 1346 uorum
879 1285 956 1344 sulm
966 1304 1026 1354 nen
1042 1298 1094 1344 est

150 1367 227 1426 facta
239 1363 388 1424 difficilior.

151 1465 155 1472 ’
195 1445 233 1506 R.
245 1445 386 1524 >legando
401 1467 513 1524 conseq.
528 1445 603 1507 Nam
616 1447 662 1508 bic
675 1469 730 1508 non
752 1449 826 1508 valet
849 1459 1050 1524 usamentum
1070 1447 1095 1530 ⁸ab

101 1581 103 1588 ,
152 1529 223 1608 puri,
238 1529 301 1587 cum
316 1529 467 1588 necessitas
481 1529 530 1587 illa
544 1549 600 1588 ncn
614 1532 727 1602 orietur,
739 1552 777 1590 ex
791 1544 890 1590 natum
902 1532 952 1600 rei,
971 1531 1023 1588 sed
1052 1549 1095 1587 ex

152 1610 274 1690 positive
286 1611 431 1670 voluntate
445 1611 523 1672 Dei:
545 1614 580 1670 ud
594 1614 786 1690 probationem
800 1613 910 1682 dicitur,
931 1613 1007 1690 qabd
1020 1611 1095 1670 Lex

152 1691 707 1852 2²:12⁸,rttbt‘ssutttssttlfflltt
711 1695 1096 1851 mt‘itttttttssflssttt

154 1874 206 1934 per
219 1855 433 1932 predicatorum
449 1857 667 1927 multitudinem,
681 1859 782 1935 gratius
796 1857 1021 1927 abundantiores,
1035 1857 1097 1915 &c

154 1952 219 2016 quae
233 1937 315 1994 Deus
328 1936 357 1994 in
371 1956 444 1994 nora
457 1937 535 2014 Lege
548 1938 689 2016 elargitur.

198 2016 264 2096 Obj.
285 2016 329 2076 ΙΙ.
353 2017 500 2096 Praeoepa
520 2039 575 2078 nou
590 2019 715 2098 obligant
737 2021 774 2079 ad
796 2019 988 2098 impossibile:
1002 2020 1097 2095 atqui

155 2099 330 2178 impossibile
345 2111 398 2168 est,
412 2115 445 2158 nt
458 2099 551 2168 bomo,
566 2121 593 2158 v.
607 2121 634 2178 g.
645 2101 662 2160 b
675 2101 820 2161 nativitate
830 2103 940 2170 sardus,
950 2113 1050 2170 mutus
1064 2113 1098 2158 et

157 2197 260 2250 cutm,
274 2180 320 2239 vel
340 2181 424 2240 etiam
439 2182 512 2240 inter
526 2183 663 2242 Barbaros
676 2184 824 2252 enutritus,
841 2203 875 2242 eu
887 2184 984 2242 credat
997 2183 1099 2260 expli·

158 2263 225 2332 site,
240 2263 307 2322 culm
319 2263 461 2339 nunquam
482 2263 606 2340 potnerit
627 2266 722 2324 audire
744 2265 970 2343 pradicationem
992 2263 1099 2322 Evau-

158 2341 246 2422 galiis
266 2363 333 2420 ergo
346 2344 410 2402 talis
423 2345 494 2402 fides
507 2365 562 2404 non
577 2358 620 2404 est
633 2347 789 2406 necessafia
808 2347 845 2404 sd
858 2345 987 2406 salutem.

202 2425 240 2484 R.
268 2425 315 2482 1⁰.
339 2425 541 2502 Retorqusndo
568 2441 782 2504 argumentum:
815 2447 880 2486 narn
903 2427 986 2502 juxta
1013 2427 1101 2502 ipsos

159 2506 331 2566 adversarios
345 2507 429 2566 debet
442 2508 506 2565 talis
519 2509 686 2567 necessitate
699 2509 785 2566 medii
808 2507 942 2584 explicite
964 2509 1101 2575 eaedem,

158 2588 258 2648 Deum
272 2608 333 2646 esse
343 2589 595 2665 supernaturalium
610 2589 768 2650 Autbcrem
781 2603 812 2648 et
826 2589 1101 2656 nemausensem

161 2670 249 2809 (11ωὲἰ
251 2680 346 2728 tamen
353 2665 438 2746 juxta
457 2672 571 2728 modum
587 2672 756 2730 ordinarium
769 2671 910 2730 scirem
924 2682 1018 2748 potest
1031 2670 1101 2728 sine

160 2769 217 2830 pra
249 2762 340 2808 cante.

205 2831 242 2890 R.
267 2834 315 2889 2⁰.
336 2831 414 2890 Talis
436 2833 506 2890 fides
530 2845 573 2890 est
600 2831 778 2910 impossibilis
801 2854 858 2894 nen
879 2833 1018 2902 absolute,
1042 2833 1101 2890 sed

161 2913 317 2973 secundirm
330 2914 445 2971 modum
457 2913 634 2984 ordinarium,
648 2936 704 2992 quc
715 2915 785 2974 tides
794 2914 912 2974 babetur
925 2933 961 2974 ex
974 2914 1101 2974 auditu:

162 2995 239 3053 unde
253 2995 343 3052 selum
356 3007 450 3072 potest
463 2995 567 3065 inferri,
581 2998 656 3072 qubd
669 2997 733 3056 tulis
747 2997 901 3074 igacmmo
913 3015 969 3056 non
983 3009 1101 3074 peccet,

162 3095 261 3156 uroque
274 3095 330 3134 uon
345 3076 382 3156 sit
396 3077 568 3148 dumuondus
582 3079 618 3136 ob
631 3077 707 3138 illam
722 3079 915 3156 ignmanuum,
930 3079 980 3136 sad
990 3077 1029 3136 cb
1040 3078 1101 3135 alia

162 3170 298 3236 peccata:
319 3156 342 3215 si
356 3169 448 3216 autem
464 3172 645 3235 supponatur,
659 3161 734 3235 qubd
755 3161 819 3219 tulis
832 3179 882 3238 per
900 3159 957 3218 ui'u
975 3171 1101 3237 peccam

162 3257 220 3298 uon
233 3253 320 3317 ponet
333 3239 451 3309 obicem,
462 3241 512 3298 sed
527 3259 591 3298 eum
605 3243 693 3318 gratia
702 3243 759 3300 Dei
769 3243 853 3302 saciat
862 3243 938 3318 quod
951 3243 981 3300 iu
993 3261 1027 3300 se
1041 3255 1101 3309 est,

162 3321 246 3380 Deus
259 3321 416 3400 providebit
429 3321 465 3379 de
479 3321 661 3382 instructione
675 3324 792 3382 istorum
806 3323 1012 3401 mysteriorum,
1034 3323 1101 3382 sive

162 3421 198 3461 ca
210 3401 372 3460 immediate
384 3403 438 3480 ipsi
451 3403 609 3472 revelando,
634 3406 693 3464 siro
706 3425 758 3482 per
772 3405 925 3482 Angelum,
939 3418 989 3464 aut
1011 3405 1101 3463 aliter

162 3485 255 3562 ipsum
270 3483 440 3554 instruendo,
455 3497 487 3542 ut
500 3486 540 3544 sit
555 3485 585 3545 S.
600 3486 701 3545 Tbom.
714 3487 744 3545 in
758 3489 786 3545 3.
800 3487 865 3549 dist.
878 3489 929 3546 25.
940 3500 1043 3564 quaest.
1070 3489 1101 3544 2.

161 3576 215 3624 art
229 3565 258 3623 2.

205 3644 271 3722 obj.
286 3645 342 3704 111.
357 3644 536 3724 Supponatur
557 3667 628 3724 puer
649 3648 679 3706 in
691 3649 808 3710 minutia
830 3649 996 3728 baptimus,
1021 3660 1054 3707 st
1069 3649 1101 3708 in

162 3727 251 3808 sylvis
272 3725 291 3792 d
314 3727 411 3785 bestiis
435 3729 582 3799 enutritus,
606 3730 698 3806 primo
724 3732 848 3802 instanti,
870 3751 927 3808 quc
950 3731 992 3790 ad'
1010 3749 1101 3790 usum

164 3809 278 3868 rationis
291 3809 485 3884 mergitum
498 3829 616 3887 peccare
626 3812 789 3886 mortaliter,
800 3826 830 3874 et
841 3815 967 3884 mcundo
976 3813 1101 3872 munau

172 3891 236 3952 mori
248 3911 257 3956 ι
269 3909 340 3973 puer
352 3889 401 3952 ille
415 3891 575 3967 salvabitur,
591 3893 655 3970 quie
663 3892 758 3973 justus
771 3908 815 3957 est
826 3917 834 3958 ι
847 3896 925 3976 utqui
938 3893 1101 3957 secuudum
