2226 4064
375 165 418 208 na
438 165 585 208 arorccsa
889 145 954 203 atu·

61 309 128 369 Tr'as
141 321 235 368 autem
248 310 343 370 modi
339 310 475 388 migrari
488 313 615 388 poarubt,
628 309 794 370 anundum
803 314 873 385 qu'cs
886 306 950 366 aliae

26 391 692 548 188?lgggghaelgsssbdssessvgpffimmqm
707 435 831 532 {ow
852 489 948 530 exem·
936 501 956 518 ν

25 554 103 633 plari,
123 555 293 630 ᾳιὴιοιιιιιίι
307 555 366 626 lex,¹
376 567 411 613 nt
423 555 460 612 ιιι
469 568 556 634 puta,
569 555 627 631 legi
641 567 754 612 aeternre
776 553 862 614 debet
885 571 948 611 ests

25 635 176 694 conformis.
247 661 252 673 ⁴
950 675 954 692 .

58 719 102 774 20.
111 715 213 775 Omnis
221 717 268 776 lex
280 719 315 776 ab
325 683 524 776 illuderivatur
532 729 663 794 tauquam
674 714 692 774 ia
701 735 787 776 causa
791 687 946 784 'efficiantat

23 799 79 876 quia
91 798 183 856 omnis
196 812 320 876 potestas
334 799 490 876 legislativs
502 798 574 857 ιιι
559 819 577 858 a
592 799 666 856 Deo'.

55 881 100 936 8⁰.
115 880 192 944 Quia
205 881 251 939 lex
266 893 370 940 {eterna
383 881 524 940 mediante
537 879 644 938 lumine
668 877 790 938 rationis.
806 889 866 938 uut
879 877 952 936 fidei

22 961 105 1038 dirigit
118 959 317 1038 Legislateres,
331 975 365 1021 ιιι
378 963 500 1031 videant,
524 982 588 1038 quae
611 961 688 1038 leges
712 981 763 1038 pro
785 959 953 1020 diversitate·

22 1044 134 1100 locorum
149 1055 181 1101 et
194 1056 353 1138 temporum
368 1044 425 1102 sint
440 1045 652 1102 constituenda.

53 1124 89 1182 II.
103 1123 183 1188 Quid
192 1123 376 1202 judicandum
392 1127 427 1183 de
441 1123 495 1183 ho'e
509 1126 696 1220 quorumdam
706 1124 866 1184 axiomata.
881 1134 950 1184 aute

21 1225 119 1262 ornnem
134 1205 228 1282 legem
239 1208 333 1269 omnia
346 1219 412 1265 sunt
426 1207 652 1278 indifferentia,
631 1227 689 1281 save
703 1205 772 1264 nihil
787 1218 830 1264 est
840 1196 945 1263 borium

21 1285 200 1347 autmalum?

54 1367 86 1426 R.
101 1367 133 1428 si
148 1368 323 1464 intelligatur
336 1371 372 1428 de
387 1369 449 1446 lege
463 1365 590 1446 positiva,
605 1369 759 1428 certissime
770 1367 870 1426 falsum
882 1377 944 1434 est·

22 1467 74 1507 nam
86 1461 151 1508 aute
165 1455 278 1510 omnem
293 1451 384 1530 legem
400 1453 547 1528 positivam
561 1453 667 1510 furtum
681 1472 708 1509 v.
722 1455 749 1527 ς.
760 1449 869 1510 arulum
890 1461 943 1518 eet,

22 1529 74 1589 cim
88 1531 144 1589 tale
158 1532 197 1590 sit
211 1553 246 1590 err
261 1545 360 1591 natura
373 1553 432 1590 sua.

53 1611 80 1670 Si
93 1613 161 1671 verb
174 1614 349 1692 intelligatur
363 1616 399 1672 de
410 1613 475 1690 lege
490 1626 596 1672 aeterna
619 1625 649 1672 et
672 1613 801 1683 natuiab,
817 1612 897 1670 adeo
910 1621 944 1672 ιιι

20 1713 104 1750 murus
118 1693 166 1764 sit,
179 1695 273 1755 omnia
287 1715 349 1754 esse
359 1695 556 1764 indifferentia,
566 1696 590 1754 si
600 1713 657 1754 non
667 1703 742 1754 esset
752 1695 799 1754 lex
809 1692 943 1754 naturalis

21 1786 172 1836 etoeterna:
194 1777 236 1836 sic
248 1777 335 1854 aliqui
349 1777 462 1835 axioma
474 1777 550 1836 istud
564 1777 736 1842 admittente
756 1777 831 1852 quia,
850 1773 943 1850 inqui·

19 1869 68 1925 unt,
81 1856 105 1913 si
126 1870 280 1936 seponatur
302 1859 349 1917 lex
372 1873 489 1928 aeterna,
508 1859 676 1936 supponitur
699 1857 826 1916 sublatae
849 1875 943 1914 rerum

19 1938 76 1996 ordo
90 1941 119 1996 ιι
133 1940 267 2011 essentia,
285 1941 413 2018 adeoque
428 1942 530 2008 mirum
545 1940 859 2009 tantumtanturn
881 1941 942 2000 iore
1032 1935 1037 1952 “

18 2018 202 2080 indifferentia.
230 2025 310 2092 Αιι,
324 2021 464 2100 inquiunt,
479 2023 654 2100 suppositum
669 2019 724 2080 boc
746 2034 789 2079 ast
812 2022 943 2099 impossi-

18 2100 71 2171 bile,
98 2101 164 2159 cim
189 2103 237 2161 lex
260 2115 365 2162 aeterna
392 2104 495 2162 existat
521 2103 687 2174 uecoeamib,
713 2118 751 2200 ox
774 2103 942 2180 impossibili

18 2194 100 2240 sutem
114 2185 242 2259 sequitur
260 2186 984 2262 quodlibet·

50 2264 295 2336 Verumtamen,
272 2287 297 2324 ιι
311 2267 406 2326 omnia
428 2285 465 2326 ex
488 2277 587 2326 natura
611 2285 662 2324 run
682 2233 881 2326 antecedenier
904 2268 941 2326 ed

18 2345 97 2440 legem
111 2358 245 2406 aeternam
262 2348 355 2407 farem
368 2348 563 2418 indifferentia,
584 2347 733 2423 nudusque
747 2359 823 2406 esset
844 2367 941 2408 neces·

18 2427 94 2485 rarius
120 2447 228 2490 rerum,
243 2428 357 2500 ordo,
343 2448 404 2506 Jam
423 2430 475 2488 lex
503 2443 608 2502 aeterna
634 2429 684 2488 illa
709 2427 860 2507 prohibens
896 2431 940 2490 val

18 2509 174 2586 precipiens
187 2529 243 2569 uon
256 2524 332 2570 esset
343 2513 509 2582 necessaria,
528 2512 579 2570 sed
593 2511 697 2570 liberat
717 2531 801 2587 quere
826 2511 941 2572 omnine

18 2589 189 2667 rejiciendum
203 2605 245 2652 ιιι
260 2593 368 2651 dictmu
382 2594 501 2665 axioma,
516 2593 731 2669 dicendumque,
742 2595 941 2654 antecedenter

18 2674 47 2730 ad
59 2673 150 2748 legem
164 2685 296 2732 eternam
311 2676 439 2751 quaedam
454 2693 516 2734 esse
539 2674 656 2734 honesta
675 2687 714 2734 et·
728 2675 821 2752 turpia
840 2675 941 2734 saltem

19 2754 263 2826 fundamentaliter,
284 2756 342 2814 sive
356 2755 386 2813 iu
399 2757 480 2834 siguo
493 2757 677 2816 antecedente
691 2756 782 2833 legem
807 2767 941 2816 tatemere

19 2835 218 2914 praecipientem
239 2849 287 2896 eut
308 2837 513 2917 prohibentem,
538 2839 667 2916 quaedam
690 2857 752 2896 esse
775 2837 941 2901 intrinsecis
1055 2883 1060 2890 -

19 2935 61 2974 sea
83 2935 119 2974 ex
142 2931 243 2977 natura
267 2939 318 2977 sna
341 2921 496 2980 conformia
520 2920 570 2978 rel
595 2919 779 2996 repugnantia
805 2933 941 2978 creaturas

19 2997 136 3056 rationali
163 2999 321 3078 divinisque
348 3001 507 3060 attributis:
537 3002 579 3060 eic
606 3002 702 3060 odium
730 3001 797 3078 Dei,
825 3003 941 3071 furtum,

19 3079 186 3140 mendatium
200 3095 230 3140 et
252 3083 355 3178 emnia,
380 3103 442 3159 qum
463 3084 528 3160 lage
550 3083 670 3142 naturali
693 3081 882 3160 probibentur,
905 3101 942 3141 ex

19 3173 108 3220 natura
130 3182 181 3222 sua
207 3165 389 3224 necessariam
425 3164 528 3224 hebent
562 3183 627 3224 tum
655 3176 780 3224 creatura
803 3164 943 3224 ¹rationali

20 3241 166 3320 divinisque
179 3245 321 3304 attributis
341 3247 563 3324 repugnantiam,
588 3246 698 3304 etiamsi
720 3258 942 3323 supponerentur

20 3321 86 3380 ualli
100 3324 164 3403 lage
175 3327 327 3404 prohiberi.
368 3327 517 3387 Deinde
495 3347 520 3386 ιι
533 3349 569 3386 ιιι
583 3335 690 3388 natura
695 3348 746 3387 ena
751 3326 827 3388 haec
851 3329 943 3388 {orent

22 3403 206 3478 indifferentia,
221 3421 392 3485 sequeretur,
408 3409 503 3469 dDeo
513 3411 611 3468 odium
623 3411 679 3480 aad,
695 3409 879 3481 mendacium,
884 3409 943 3472 dte.

21 3489 126 3566 pracipi
138 3491 273 3566 potuisse,
294 3493 370 3568 quod
384 3504 428 3550 eat
441 3491 678 3550 absurdissimum.

55 3567 222 3632 Quomodo'
214 3572 301 3650 agitur
313 3573 449 3642 subsistit
470 3593 581 3632 omnem
596 3572 723 3650 legen
711 3595 730 3632 a
751 3572 814 3668 lege
838 3578 944 3632 eterna
985 3601 994 3622 κ

22 3647 138 3720 derivari,
166 3654 230 3710 edm
257 3655 453 3730 preveniendo
480 3653 572 3731 legem
599 3664 742 3724 aeternam,
764 3653 824 3731 jam
850 3655 944 3730 aliqua

23 3732 204 3808 concipiantur
217 3755 279 3793 esse
299 3737 373 3794 bena
385 3749 416 3794 ιι
439 3736 521 3806 mala,
545 3736 595 3794 illa
616 3736 732 3805 scilieet,
754 3755 820 3811 quer
838 3736 942 3794 eadunt

22 3813 67 3950 wtb
80 3813 142 3891 lege
155 3815 328 3880 naturali?
320 3817 406 3895 agitur
419 3817 466 3877 lex
481 3829 589 3877 natura
602 3837 660 3876 non
679 3817 823 3876 derirauu
841 3815 859 3874 i
879 3817 929 3894 leg*

23 3910 43 3947 ιι
55 3913 129 3956 arna.
