2216 4056
180 159 238 220 leo
425 177 472 221 ao
494 177 698 222 reserarem
720 179 763 220 na
783 177 868 233 eros,

178 339 289 400 semper
302 321 382 382 adest
397 321 534 383 Ecclesiae
548 323 576 380 in
591 322 635 395 iis,
649 340 712 400 quse
725 323 762 381 ad
777 321 956 400 Religionem
971 325 1091 403 pertines

176 403 223 462 vel
236 404 427 474 reducuntur3
447 405 489 463 sic
504 405 632 464 Ecclesia
645 404 826 464 infallibiliter
835 403 946 483 J‘udicat
967 405 1039 466 de'
1030 406 1091 484 rnJ'm

176 484 240 544 trtra
247 497 450 556 contractuum,
460 485 577 564 aliisque
590 487 626 544 ad
640 487 724 545 fidem
735 487 778 545 vel
794 505 885 546 mores
895 486 1091 565 pertiuentibn

176 563 246 625 lieet
259 567 342 626 deins
356 567 434 626 nulla
447 568 521 626 facta
534 568 662 645 specialis
685 568 827 626 revelatio.

218 647 285 726 Obj.
300 648 356 708 111.
377 649 444 707 Non
458 661 501 708 est
521 649 707 707 necessarium
723 649 861 708 Ecclesiae
882 649 918 707 ad
943 651 1091 709 servandnr

177 729 337 808 depositum
352 731 428 800 fidei,
437 743 471 788 ut
481 731 594 790 damnet
602 731 805 808 propositiones
814 727 842 787 iu
855 749 938 788 sensu
947 732 985 789 ab
997 731 1091 790 author

177 811 295 882 intento,
310 811 395 869 modo
409 811 529 871 haereses
543 824 572 871 et
586 811 656 870 falsa
669 813 800 890 dogmata
821 813 856 870 ab
879 813 1014 871 omnibns
1039 815 1091 871 dau

177 903 297 952 nentur:
319 911 395 970 argo,
410 895 463 952 &c

220 973 257 1031 R.
272 973 346 1051 Neg.
360 985 551 1052 assumptum:
572 993 636 1032 nam
650 974 686 1032 ad
700 973 884 1034 efficaciorem
898 972 1017 1034 haeresia
1031 973 1091 1034 extit

176 1055 318 1131 petionem
332 1055 362 1113 id
376 1057 543 1132 quaudoque
558 1068 601 1113 est
614 1056 811 1126 necessarium,
825 1067 909 1133 prout
922 1058 1091 1115 necessarior

176 1149 236 1194 erat
258 1136 286 1194 in
310 1156 378 1195 casu
398 1137 544 1205 Janseuii;
575 1137 641 1212 quia
667 1137 749 1195 multi
777 1137 935 1196 damnando
960 1137 1091 1217 propositi

177 1235 255 1288 oues,
270 1218 374 1276 librum
396 1220 457 1296 ejus
482 1219 669 1276 defendebant
689 1233 723 1276 ut
745 1218 949 1277 orthodoxum:
984 1219 1091 1278 Malthr

176 1301 243 1358 sane
263 1300 380 1358 interest
395 1299 541 1370 Ecclesiae,
567 1299 645 1374 qued
666 1319 723 1356 non
743 1299 852 1358 tantdm
876 1301 946 1358 falsa
969 1301 1091 1378 dogmate

176 1381 226 1438 sed
241 1381 325 1440 etium
340 1381 434 1451 libros,
451 1381 499 1457 qui
513 1383 610 1439 eadem
625 1381 771 1450 inducunt,
781 1381 937 1440 discernere
948 1394 980 1440 et
994 1381 1091 1460 prosou'

176 1462 242 1520 bere
264 1459 372 1541 possit:
394 1463 462 1521 dum
487 1462 562 1520 enim
584 1461 655 1520 liber
676 1463 845 1533 defenditur,
866 1483 900 1522 ex
914 1483 971 1539 quo
986 1461 1091 1542 proposi

176 1543 267 1601 tiones
282 1544 421 1602 damnatae
435 1545 592 1620 desumptae
615 1555 690 1613 sunt,
709 1556 805 1602 nutum
831 1557 874 1602 est
898 1544 967 1613 fieri,
993 1558 1028 1603 nt
1048 1561 1091 1602 con

177 1624 321 1682 damnatio
335 1625 558 1702 propositionum
572 1625 649 1682 falsis
663 1625 938 1703 interpretationibus
951 1625 1088 1685 eludatur.

145 1709 148 1715 ’
215 1705 366 1775 Quaeritur,
380 1708 475 1764 utrirm
490 1707 558 1765 Fide
573 1704 678 1763 Divinis
692 1707 862 1765 credendum
887 1707 935 1776 sit,
951 1707 1091 1766 Ecclesian

178 1805 240 1844 esse
261 1787 459 1846 infallibilem
451 1808 481 1846 ιιι
495 1787 654 1846 ‹lefiniendo
668 1789 730 1864 quis
744 1789 782 1847 sit
795 1807 893 1848 seusus
906 1749 1029 1866 alicujus
1049 1789 1091 1894 llbp

175 1869 220 1926 vel
238 1869 462 1945 propositionis?

182 1949 271 2008 '.IX
292 1949 329 2008 R.
351 1949 473 2014 Quidam
490 1949 597 2020 dicunt,
611 1949 682 2008 illud
696 1971 758 2008 esse
772 1951 808 2009 de
822 1951 878 2010 fide
891 1949 1048 2009 secundum
1069 1929 1091 2008 sd

175 2031 226 2090 sed
239 2051 295 2090 non
310 2033 345 2090 de
359 2032 416 2090 fide
430 2032 593 2108 obligantes
613 2033 679 2108 quia
695 2032 824 2091 Ecclesia
837 2033 867 2091 id
888 2033 990 2090 nullibi
1014 2032 1090 2092 defini

176 2113 250 2170 visse
264 2113 376 2190 legitur.
418 2113 479 2171 Alii
493 2113 599 2183 dicunt,
613 2113 642 2170 id
657 2133 718 2171 esse
733 2115 768 2172 de
782 2115 839 2173 fide
858 2114 942 2172 etiam
956 2114 1090 2191 obligante

175 2211 232 2251 non
247 2193 360 2270 quidem
374 2195 545 2264 immediate,
559 2195 609 2252 sed
623 2195 756 2266 mediate,
771 2196 906 2272 quaternis
919 2193 975 2254 hoc
996 2207 1090 2273 negato

176 2274 303 2350 sequitur
313 2275 469 2334 Ecclesiam
479 2275 625 2334 fallibilem
640 2295 700 2334 esse
712 2277 741 2333 in
751 2278 873 2353 regendo
887 2288 916 2334 et
926 2276 1090 2336 instruendo

174 2356 277 2415 deinde
291 2357 365 2432 quia,
380 2357 447 2416 licet
462 2357 593 2416 Ecclesia
607 2358 746 2434 expressis
767 2358 859 2416 verbis
879 2377 939 2415 rem
957 2355 1031 2418 hanc
1053 2377 1089 2414 no

175 2438 326 2508 definierit,
340 2439 416 2498 facto
429 2451 522 2497 tamen
540 2451 569 2496 et
582 2457 635 2495 usu
649 2439 788 2497 constanti
798 2439 956 2497 definivisse
970 2439 1089 2508 censendi

176 2531 227 2588 est,
243 2520 310 2577 dum
325 2532 458 2596 tanquam
471 2518 619 2577 haereticos
633 2518 726 2591 habet,
740 2520 788 2598 qui
810 2520 930 2579 decretis
951 2518 1013 2598 ejus
1036 2521 1089 2594 ciret

175 2599 261 2658 Facta
275 2601 435 2677 dogmatica
448 2600 589 2659 resistunt

215 2680 282 2739 Hoc
304 2683 340 2739 ad
364 2683 456 2740 minus
477 2694 584 2740 certum
607 2692 659 2751 est,
684 2681 771 2758 quod,
786 2681 839 2740 etsi
852 2701 908 2740 non
921 2681 1088 2760 requireretis

172 2759 256 2820 hides
265 2762 371 2821 Divina
378 2765 415 2822 ad
427 2775 533 2822 tantam
544 2762 739 2821 authoritatem
750 2775 779 2821 et
787 2765 949 2822 mandatum
960 2763 1088 2823 Ecclesia

172 2863 268 2920 negarr
260 2844 382 2902 saltem
395 2865 452 2903 non
464 2845 553 2922 possit
566 2845 635 2902 fides
645 2843 766 2903 humana
779 2857 809 2903 et
821 2845 1067 2918 Ecclesiastioa'
1047 2861 1088 2903 sut

171 2945 300 2984 assensus
313 2927 416 2984 mentis
430 2927 543 2984 omnino
558 2926 663 2983 firmus.

211 3007 249 3066 X.
270 3007 316 3066 Ex
330 3027 386 3102 ‹Juo
399 3007 533 3084 sequitur,
547 3026 603 3064 nou
617 3007 754 3078 sufficere,
768 3005 843 3083 qnod
854 3007 917 3083 quis
931 3008 1087 3066 condemna

169 3089 346 3148 doctrinam
338 3109 368 3146 ru
382 3089 504 3166 quinque
518 3088 644 3148 Jansenii
669 3089 906 3166 propositionibus
930 3108 1087 3167 expressam

129 3181 132 3193 ‘
170 3172 221 3228 sed
235 3171 319 3230 etiam
333 3183 470 3248 oportere,
492 3182 525 3227 ut
539 3171 647 3227 sincero
661 3171 762 3228 mentis
776 3189 891 3228 assensu
905 3181 935 3228 et
949 3190 1014 3229 cum
1023 3169 1087 3247 jure·

169 3263 274 3322 mento,
299 3265 382 3330 prout
397 3251 526 3310 Ecclesia
542 3251 678 3328 praecipit,
699 3263 831 3326 agnoscat
845 3253 1002 3310 doctrinam
1017 3253 1087 3309 istaut

170 3333 199 3389 in
223 3332 294 3391 libro
307 3333 443 3402 Jausenii
464 3333 510 3393 cui
530 3332 630 3390 titulus
645 3339 663 3368 “
675 3331 878 3409 Augustinus,”
899 3334 1045 3407 contineri,
1062 3349 1086 3390 ae

170 3431 290 3488 sensum,
310 3434 393 3490 quem
407 3414 508 3476 author
521 3414 666 3493 expressit,
688 3412 852 3474 haereticum
866 3433 939 3477 esse.
