2226 4064
166 113 244 176 280.
542 127 739 173 ruscrsrns
860 135 864 140 ·

203 275 360 342 Laudabile
370 275 481 336 interim
490 293 566 354 sepe
577 253 630 346 est,p
640 285 750 354 etopus
761 273 1036 349 amentissimi,
1048 282 1095 356 qni

162 360 315 420 notnbilem
328 359 455 436 pecuniis
470 377 607 416 summum
621 357 705 416 slicui
719 357 775 426 det,
790 359 846 434 qui
867 378 919 435 per
940 371 1031 419 sitem
1052 363 1095 420 vel

162 441 328 502 industriam
338 441 488 498 adsutum
499 439 643 498 meliorem
655 439 807 516 perveniet,
816 439 1000 499 etiamsisum
1011 461 1095 502 onere

162 521 356 590 restitutionis,
370 522 438 580 dum
452 533 654 598 postesstntus
667 519 728 598 ejus
742 519 771 578 id
785 522 933 580 commode
952 523 1037 581 feret.

202 604 297 666 Ausb
308 602 487 680 eleemosyna
496 603 811 674 fecisndsennnsentnr,
819 603 868 678 qui
877 603 975 662 dicunt
983 623 1018 662 se
1029 623 1095 682 opes

99 742 102 753 ,
160 704 280 754 servare,
293 695 326 741 ut
339 695 404 761 post
417 695 537 742 mortem
550 683 726 762 applicentur
734 685 771 742 sd
780 704 863 742 usum
873 703 1042 762 pauperum,
1052 688 1095 746 vel

160 767 198 826 sd
210 766 282 826 miss
294 765 356 842 pies
368 765 491 826 masse?

201 847 241 908 R.
259 847 364 908 Nullus
377 845 433 906 hoc
445 857 588 924 pretextu
602 845 728 906 animm
741 856 835 923 potest
846 846 876 904 in
892 847 948 907 vitu
960 850 998 907 sb
1021 848 1093 907 slei·

159 929 285 1008 mosynis
297 929 385 988 stetui
398 947 450 988 suo
464 927 695 987 convenientibus
706 950 714 996 ;
731 927 838 990 eicitur
850 929 926 987 enim
937 927 1093 989 Ecclesiss·

159 1011 210 1070 tici
223 1030 284 1088 esp.
308 1014 355 1070 14.
379 1010 417 1067 V.
444 1011 490 1068 le.
511 1013 620 1068 “Ante
643 1008 772 1100 mortsp'ii
785 1010 902 1069 benefac
915 1012 1010 1070 amico
1035 1023 1091 1083 tuo,

159 1098 179 1126 ‘⁶
193 1104 225 1152 et
233 1091 390 1152 secundum
403 1091 477 1149 vires
490 1102 553 1149 tues
566 1091 746 1168 exporrigens
760 1091 798 1148 ds
810 1091 951 1168 pmperi.''

200 1171 943 1242 Censnlesordinniimnnnsmiur,n01ndivisin
954 1174 1091 1245 deserere,

157 1253 321 1331 priusquam
334 1254 545 1312 deserentursb
569 1253 635 1311 illis.
677 1253 795 1312 Interim
819 1254 940 1313 dubium
960 1275 1021 1314 non
1043 1269 1091 1326 est,

157 1335 250 1412 inquit
264 1335 403 1413 Steyeert,
417 1335 447 1392 in
460 1347 551 1392 morte
565 1335 649 1393 etism
662 1335 821 1412 speciuliter
830 1335 955 1413 obligare
967 1355 1091 1416 presep-

158 1428 220 1476 tum
242 1417 440 1558 eleis'mpsynae,
461 1429 495 1475 ut
509 1414 638 1477 Christus
661 1428 770 1494 purtem
793 1436 874 1476 susm
891 1437 962 1477 sum
983 1421 1090 1478 ceteris

158 1497 317 1558 haeredibus
351 1499 442 1557 ibent.

65 1647 73 1662 '
105 1631 111 1642 '
199 1660 238 1720 ri.
262 1661 331 1722 145.
372 1661 402 1719 A
423 1659 577 1725 umens
599 1657 654 1718 nr
674 1656 731 1718 nn
752 1659 1046 1724 onienssmnr

391 1741 535 1802 Possis
556 1739 856 1801 sirenosum.

363 1905 393 1963 s
412 1873 902 1980 ttomqsaensnaranaes.
1002 1977 1007 1988 ι

156 2065 182 2128 I.
194 2063 417 2142 Etamomoam
426 2067 497 2124 dare
504 2076 631 2143 possum
670 2065 710 2123 ll.
730 2065 819 2136 Uxor,
845 2066 917 2162 ΙΙΙΙ.
936 2066 1085 2137 Furinalis,
1102 2093 1103 2120 ;

196 2149 249 2210 lv.
271 2145 523 2225 Filius-familias,
575 2149 613 2206 V.
638 2147 812 2222 Reliqinius,
852 2147 906 2206 Vl.
924 2148 1086 2229 Beneficia·

195 2240 250 2292 tiit·
291 2229 360 2288 Vll.
382 2228 613 2307 Aoficripossit
624 2230 660 2286 de
673 2228 773 2288 illiciti
785 2231 945 2306 acquisitis.

194 2389 389 2457 QUISNAM
404 2391 470 2449 dere
484 2403 579 2468 potest
592 2390 826 2469 sleimosynsm?

192 2472 220 2532 1.
236 2474 273 2532 R.
288 2473 344 2532 Per
358 2492 389 2534 se
403 2472 545 2548 loquendo
558 2473 635 2531 solus
656 2473 714 2540 ille,
739 2473 788 2548 qui
811 2473 928 2530 liberem
949 2473 1082 2532 boumn

153 2573 267 2615 suorum
281 2553 549 2616 administrationem
564 2553 666 2612 hebet:
688 2566 806 2631 possunt
820 2566 915 2612 umen
930 2555 1018 2612 etium
1043 2555 1084 2612 elii

152 2635 191 2692 de
205 2655 343 2694 consensu
356 2636 452 2705 tecito,
463 2636 509 2694 vel
519 2635 722 2694 rationabiliter
731 2647 902 2712 prmiumpw
912 2635 999 2705 illins,
1009 2635 1082 2713 cujus

153 2715 281 2778 interest.

194 2797 234 2856 ll.
249 2797 328 2855 Hinc
341 2817 412 2854 uror
426 2798 461 2855 ‹le
476 2797 556 2856 bonis
566 2797 761 2856 communibus
771 2796 890 2854 nonnisi
901 2797 937 2854 de
948 2812 1081 2856 consensu
1095 2817 1096 2832 ¹

151 2878 204 2940 viri
218 2878 371 2946 tscitc‚,vel
388 2892 559 2956 praesumpto
573 2899 624 2936 sen
637 2879 695 2945 teli,
706 2898 790 2954 quem
804 2877 1008 2943 retionsbilitsr
1021 2880 1080 2937 durs

151 2961 275 3030 deberet,
289 2960 497 3038 elsimosynsm
512 2961 603 3018 facere
617 2972 719 3037 potnit,
740 2979 862 3036 proquo
880 2959 989 3018 attendi
1001 2961 1094 3041 debeo

150 3061 212 3104 mos
226 3061 346 3102 uxorum
360 3040 441 3100 istius
456 3042 511 3099 loci
526 3041 571 3100 vel
592 3041 769 3100 conditionis.
810 3042 895 3106 Quid
915 3041 941 3098 si
965 3055 1093 3110 constet,

149 3123 281 3184 mentum
295 3122 424 3182 absolute
437 3123 522 3191 nolle,
544 3136 576 3180 ut
597 3123 750 3200 quidquam
773 3123 810 3180 sb
833 3142 922 3182 uxore
944 3129 1093 3199 erogans}

148 3205 260 3266 videtur
272 3204 327 3281 ipsi
340 3205 537 3284 abstinendum
551 3224 622 3267 esse.
636 3216 669 3262 ut
683 3205 746 3280 psci
759 3204 872 3262 lumilim
887 3203 1024 3262 consulat.
1090 3219 1092 3256 ,i

190 3286 247 3345 ΙΙΙ.
261 3285 439 3344 Femulsntes
454 3285 522 3343 nihil
537 3305 573 3344 ex
588 3286 669 3343 bonis
678 3285 865 3344 Dominomm
880 3286 946 3344 durs
956 3296 1091 3363 possuntt

149 3367 204 3424 nisi
217 3367 343 3444 legitime
357 3385 455 3426 eorum
469 3386 637 3440 consensum
659 3379 708 3425 eut
730 3365 956 3426 ratihabitionem
978 3383 1090 3447 pressu-q

150 3459 239 3506 mani.

190 3527 244 3592 IV.
258 3527 337 3588 ldein
351 3537 397 3586 eet
408 3529 444 3587 de
465 3529 679 3588 filiis-lumilics:
701 3530 793 3606 quouil
814 3530 889 3588 bonu
909 3540 1010 3588 temen.
1022 3547 1088 3587 cns·

149 3608 409 3683 transitorque
416 3611 574 3678 castrensis,
586 3611 621 3669 de
636 3611 670 3668 iis
684 3625 810 3689 possunt,
822 3611 907 3670 etism
921 3567 1088 3689 parentiliml

149 3691 254 3758 invitis,
269 3688 474 3767 eleimosynam
489 3694 566 3750 dsre.
748 3689 752 3696 ²
1084 3693 1087 3753 l

190 3770 228 3830 V.
243 3769 403 3845 Religionis
416 3785 510 3848 potest
524 3773 732 3848 els'smosynsm
743 3773 809 3832 dnre
822 3773 859 3831 ile
872 3772 917 3842 iis,
930 3773 1006 3832 circs
1014 3789 1086 3855 «quis¹

148 3849 234 3911 hebet
248 3850 472 3912 commissionem
486 3855 600 3924 tacitum
621 3855 665 3913 sel
687 3874 856 3916 consensum
877 3866 1085 3942 presumptumq
