2248 4070
153 105 231 166 313.
531 129 723 177 saner-suus

190 271 344 332 :Sicetiatn
357 271 440 350 leges
450 273 658 334 Ecclesiastiuoe
672 296 737 342 curn
752 275 879 352 periculo
893 274 1029 336 ritatnon
1044 279 1092 336 ob·
1115 319 1116 324 κ

153 353 252 430 ligant,
267 353 325 414 imo
340 375 393 414 nec
407 375 471 414 cum
487 357 618 432 periculo
628 359 743 416 minoris
758 359 834 426 mali,
850 379 875 414 v.
886 377 912 433 g.
928 361 1093 418 nocumenti

155 435 290 504 sanitatis,
312 435 407 494 damni
421 437 595 498 aestimabilis
609 437 639 498 in
654 441 733 498 bonis
747 439 877 507 fortunae,
897 441 952 496 &c

194 517 240 576 Ita
264 517 348 576 etiam
369 517 498 578 Christus
512 519 653 578 Dominus
676 521 827 596 explicavit
852 521 942 596 legem
967 533 1093 580 veterem

155 599 262 658 Matth.
276 619 337 675 cap.
356 603 400 660 12.
414 602 575 661 excusando
590 601 755 678 Discipulos
768 621 804 660 ex
819 605 987 663 necessitate
998 603 1094 678 spicas

155 680 293 740 vellentes
305 682 438 751 Sabbata,
451 682 519 738 item
531 681 620 743 Lucre
634 704 695 760 cap.
710 686 756 742 14.
766 703 792 740 v.
803 686 832 742 5.
841 684 943 746 ¹dicens
954 705 962 742 t
974 691 993 718 ‘⁴
1005 683 1094 760 Cujus

157 765 179 826 “,
192 762 317 820 vestrim
331 766 425 822 asinus
438 776 487 822 aut
494 765 549 822 -bos
562 765 591 822 in
602 779 718 839 puteum
733 766 824 835 cadet,
845 778 874 824 et
887 781 944 834 non
958 766 1093 823 continuo
1115 769 1116 776 ’

156 846 175 876 “
189 843 317 904 extrahet
331 845 411 902 illurn
426 846 472 904 die
486 846 594 904 sabbati
603 846 633 906 ?”

199 925 263 984 Neo
277 927 366 997 obest,
380 927 473 1004 legem
487 927 610 1002 obligare
621 929 672 986 sub
683 940 810 1004 peccato,
826 929 900 1003 quod
912 928 1002 1003 magis
1013 929 1094 986 vitari

157 1007 251 1076 tiebat,
272 1006 355 1083 quim
371 1009 436 1066 ritae
450 1009 624 1085 pericnlum
644 1010 710 1084 qnia
728 1009 756 1066 in
771 1010 909 1070 similibus
923 1011 1037 1068 casibus
1051 1011 1096 1068 lex

156 1101 256 1158 cessat,
270 1091 342 1151 adeo
356 1103 389 1148 ut
402 1091 551 1166 nequidem
567 1091 712 1150 materiale
718 1105 866 1166 peccatum
881 1092 1083 1149 committatur.

144 1227 157 1234 -
199 1171 256 1231 111.
277 1171 395 1230 Dictum
407 1185 451 1230 est
465 1173 542 1248 leges
553 1173 703 1248 possitivas
712 1180 729 1206 “
738 1173 893 1232 ordinarie''
904 1193 960 1230 non
969 1174 1095 1249 obligare

157 1271 231 1317 cnm.
239 1253 364 1330 periculo
378 1255 461 1321 vitan
481 1253 547 1329 quia
561 1255 662 1312 dentur
681 1273 771 1322 casas,
797 1255 942 1329 inquibus
965 1275 1031 1312 cum
1047 1256 1095 1312 tali

157 1335 285 1412 periculo
299 1335 441 1412 obligant:
464 1337 500 1394 ad
523 1355 593 1410 quos
616 1337 829 1412 cognoscendos
850 1335 894 1396 he
909 1338 976 1394 duae
990 1337 1096 1412 regular

158 1433 196 1474 ex
211 1416 309 1494 Sylrio
323 1417 409 1476 statui
423 1431 563 1493 possunt:
1099 1483 1100 1490 ἵ

170 1541 175 1550 .
200 1498 314 1559 Prinna:
334 1499 447 1575 quando
468 1501 544 1558 bono¹
565 1499 707 1558 communi
729 1497 776 1557 hic
796 1511 826 1562 et
850 1519 926 1558 nunc
940 1509 986 1556 est
999 1499 1094 1556 utilius

158 1580 264 1638 serrari
287 1580 388 1656 legem,
409 1601 492 1656 quam
518 1581 621 1640 servari
646 1581 730 1638 vitam
755 1579 876 1639 hominis
899 1581 1013 1658 privati,
1040 1583 1096 1638 sive

159 1661 273 1738 quando
301 1681 376 1719 mors
403 1659 524 1720 hominis
547 1661 691 1739 judicatur
718 1663 833 1720 minoris
856 1662 1096 1731 considerationis,

158 1741 243 1818 qnam
259 1742 373 1800 violatio
387 1743 458 1820 legis
471 1745 500 1800 in
513 1744 563 1802 illo
577 1764 663 1813 casu;
683 1757 743 1803 tum
758 1745 804 1802 lex
817 1741 902 1802 e'tiam
917 1765 983 1802 cnm
999 1744 1094 1802 discri-
1115 1745 1116 1786 ἒ

157 1825 235 1882 mine
249 1824 315 1882 vitae
329 1825 444 1900 obligat.
532 1841 534 1848 ’

202 1905 346 1966 Secunda:
357 1908 469 1982 quando
474 1906 588 1966 violatio
595 1906 667 1982 logis
675 1907 821 1966 cetlaretin
827 1919 1023 1984 contemptum
1029 1907 1094 1976 Dei,

158 1987 328 2064 Religionis,
345 1989 435 2059 Fidei,
451 1989 589 2049 Ecclesiae
602 1989 647 2046 vel
660 1989 811 2046 Potestatis
822 1991 996 2066 legislativae‚
1006 2002 1057 2048 aut
1066 1991 1093 2047 in

158 2070 321 2128 scandalum
327 2070 693 2148 proximi3iterumlcxcurn
701 2070 880 2146 talipariculo
889 2073 1093 2130 servandaerit.

200 2152 255 2210 1v.
277 2152 356 2210 Hinc
376 2151 503 2227 requitur
523 2152 623 2228 primo,
644 2151 735 2228 legem
750 2152 873 2210 divinam
888 2153 924 2208 ‹la
937 2154 1095 2228 profitenda

158 2233 225 2302 fide,
246 2233 532 2318 dumjntermgamur
545 2233 562 2292 ὲ
576 2246 716 2310 potestate
730 2233 851 2310 publicu,
872 2233 996 2310 obligare
1010 2235 1094 2294 etiam

159 2334 224 2374 cum
240 2327 316 2374 carta
326 2314 438 2392 jactura
452 2316 526 2374 vita.
760 2390 764 2394 ῃ

201 2399 249 2454 2⁰.
268 2397 376 2474 Legem
391 2397 514 2455 divinam
528 2397 651 2474 obligare
663 2397 802 2465 Pastorcs,
816 2409 849 2454 nt
862 2396 890 2454 in
900 2397 984 2472 gravi
998 2417 1093 2456 neces·

159 2478 243 2537 sitate
257 2491 362 2556 ponant
376 2479 496 2538 animam
511 2499 590 2536 suurn
604 2499 655 2556 pro
669 2478 767 2536 oribus
781 2479 847 2547 suis,
872 2478 1094 2537 administrando

160 2561 202 2618 eis
223 2581 288 2620 cnm
303 2561 436 2637 periculo
451 2561 517 2618 vitoe
539 2561 720 2620 Sacramenta
734 2560 880 2637 Baptismi‚
902 2560 1092 2630 Poenitentiae,

160 2641 347 2705 Eucharistiae
361 2654 390 2700 et
405 2641 723 2702 Extremae-Unctionis.

202 2727 251 2782 8⁰.
267 2723 297 2782 si
307 2725 370 2799 quis
380 2724 509 2800 adigatur
519 2725 555 2782 ad
566 2725 703 2798 agendum
716 2735 814 2782 contra
824 2723 902 2798 legas
913 2721 1093 2782 Ecclesiasti·

159 2826 207 2866 cas
221 2806 250 2864 in
264 2817 457 2881 contemptum
469 2805 615 2873 Ecclesiae,
630 2805 740 2862 etiamsi
755 2819 847 2862 metus
861 2803 958 2860 monis
974 2805 1001 2861 ei
1015 2805 1094 2864 incn-

158 2891 254 2958 tiatur,
265 2887 460 2946 abstinendum
472 2907 543 2955 esse,
556 2907 580 2944 r.
591 2907 619 2962 gt
630 2885 647 2942 t
657 2886 794 2956 carnibus,
805 2899 889 2964 prout
898 2885 967 2944 lecit
978 2885 1094 2946 Eleaza-

158 2991 207 3028 rus
222 2973 250 3027 2.
265 2967 396 3026 Machab.
412 2988 472 3044 cap·
487 2971 516 3024 6.
529 2967 788 3044 praeeligensmori,
803 2967 888 3042 quim
898 2967 983 3024 edere
997 2988 1094 3028 carnes
1115 2985 1116 3002 ¹

158 3052 289 3130 porcinas
303 3051 331 3108 in
346 3061 537 3126 contemptum
554 3049 624 3125 legis
638 3070 701 3106 curn
717 3047 849 3106 scandalo
863 3048 1094 3108 adolescentium.
1115 3075 1116 3094 2

200 3135 250 3192 4⁰.
271 3133 379 3208 Legem
394 3131 504 3190 civilem
521 3131 659 3188 ordinarie
673 3131 797 3207 obligare
811 3151 875 3188 rum
890 3129 1018 3206 periculo
1030 3133 1093 3190 ritae

157 3215 287 3284 militem,
308 3216 350 3272 ntl
364 3214 512 3272 stationam
528 3233 605 3270 suam
621 3225 731 3281 servat;
750 3213 815 3288 quia
828 3215 932 3272 bonum
943 3231 1094 3272 commune
1115 3215 1116 3218 ’

157 3296 312 3374 prevalens
326 3296 391 3356 vitae
406 3295 502 3352 militis
517 3293 571 3352 hoc
584 3293 709 3370 requirit.

200 3377 267 3454 obj.
288 3378 341 3436 Est
365 3389 537 3453 praeceptum
558 3375 631 3453 juris
655 3389 762 3434 naturae
786 3375 969 3434 conservandi
989 3376 1094 3447 vitam;

154 3459 236 3534 atqui
250 3458 296 3516 lex
307 3471 414 3516 nunnae
424 3459 557 3534 praevalet
571 3458 679 3533 legibus
693 3457 839 3536 positivis:
860 3478 936 3533 ergo,
957 3459 1011 3516 &a

199 3539 237 3597 lt.
258 3539 311 3596 Est
331 3553 501 3615 praeceptuur
518 3538 590 3616 juris
611 3553 719 3596 naturae
740 3540 922 3599 conservandi
938 3540 1026 3598 vitam
1041 3538 1094 3602 hoc

156 3639 250 3687 sensu,
262 3621 337 3694 quod
345 3640 428 3677 namo
439 3621 492 3678 sibi
500 3633 618 3678 mortem
630 3621 741 3689 inferre,
755 3621 797 3680 vel
809 3623 913 3696 absque
918 3619 998 3696 justa
1009 3641 1095 3680 causa

154 3719 189 3758 se
203 3701 300 3758 mortis
314 3701 439 3776 periculo
452 3721 594 3780 exponere
607 3703 713 3778 pessit:
728 3703 825 3762 verum
839 3703 908 3772 dunt
923 3703 1004 3760 adest
1014 3702 1094 3779 justa

156 3796 241 3840 musa
254 3781 409 3857 prurulens
422 3784 497 3842 bono
511 3783 587 3851 vitre,
608 3796 668 3840 turn
684 3783 731 3842 lex
745 3797 852 3844 nuurae
867 3784 966 3858 dictat,
980 3785 1092 3844 licitum

184 3881 220 3923 'ae
234 3882 264 3926 re
278 3861 375 3924 mortis
389 3864 515 3943 periculo
532 3884 681 3944 exponere.
