2248 4070
380 143 422 187 nn
442 135 587 188 inurant.
891 127 952 188 293

24 311 76 371 quo
100 291 216 351 Festum
236 288 267 349 iu
287 309 339 350 sua
352 287 490 350 rnechte
508 289 672 350 celebretur.
713 283 832 350 Missam
852 287 952 352 'umen

26 375 118 436 audire
129 375 223 432 debet.

61 454 196 516 Similiter
204 454 289 532 juxta
302 453 433 532 Steyesrt
446 470 530 512 cause
541 471 644 529 urgens
658 473 715 512 non
738 455 898 531 requiritur,
918 471 951 518 ut

24 535 353 695 ireneus
373 535 549 674 tun
564 535 953 678 tarsenses

24 698 145 775 sequenti
158 717 215 756 non
229 637 282 756 eJrit
305 657 424 756 faeditas
447 697 580 756 sudiendi
596 698 722 769 Sserum,
747 717 773 757 v.
786 719 814 776 g.
837 700 861 757 si
886 701 951 760 neri

23 780 208 860 proficiscatur
223 779 254 836 in
269 779 462 836 Hellandiem.

59 864 107 920 An
120 861 181 928 ille,
195 862 244 936 qui
252 859 330 938 justa
343 860 380 918 de
394 877 478 918 eausa
491 859 678 936 proficiscitur
699 859 729 918 iu
754 860 949 938 Hellaudfarn,

24 944 65 1002 ubi
85 938 239 1001 Dominiui
261 941 391 1019 proximi
413 959 471 999 non
492 941 598 1019 poterit
620 941 717 1000 andire
741 941 871 1012 Missam,
893 963 951 1002 nun

24 1025 100 1082 debet
112 1023 269 1100 praevenire
282 1035 395 1100 tempus
405 1023 592 1100 obligationis,
602 1023 743 1082 audiendo
755 1043 781 1082 r.
792 1043 821 1102 g.
831 1024 951 1084 Missam

25 1106 63 1164 dis
75 1117 226 1180 antequem
242 1105 391 1163 discedat?
466 1171 471 1186 ‚

58 1187 142 1244 VIII.
157 1187 197 1245 R.
211 1185 358 1262 Nogetivd,
380 1185 446 1264 qnia
467 1203 518 1262 per
540 1184 661 1244 Missam
683 1185 740 1243 diei
764 1187 950 1263 praesedentie

24 1287 71 1328 nou
84 1277 183 1345 potest
196 1268 356 1326 satisfacere
370 1267 533 1343 obligationi
541 1267 656 1325 alterius
671 1267 737 1338 diei,
748 1269 811 1326 esim
823 1269 950 1328 nondum

25 1361 108 1409 currat
121 1361 237 1428 tempus
251 1349 328 1408 Festi
342 1369 392 1407 seu
406 1349 594 1425 obligationis.

59 1432 105 1489 An
119 1431 181 1500 ille,
195 1432 243 1508 qui
257 1431 393 1508 prseridet
407 1431 541 1500 futurum,
550 1446 583 1488 ut
596 1430 642 1488 die
656 1433 783 1506 sequenti
799 1432 835 1489 ob
848 1431 950 1490 febrim

26 1514 62 1572 rei
75 1512 155 1572 aliud
169 1514 401 1591 impedimentum
424 1531 481 1570 non
494 1512 583 1589 possit
606 1512 700 1588 legero
716 1511 818 1583 Horas,
838 1525 951 1572 tenetur

25 1593 104 1672 pridie
118 1595 240 1653 recitare
255 1594 429 1654 Matutinnm
444 1613 508 1652 eum
524 1593 691 1653 Laudibus?

58 1675 109 1734 IX.
131 1676 172 1734 R.
186 1675 322 1741 Quemvis
335 1675 425 1751 pridie
438 1693 495 1732 non
510 1687 604 1733 curret
627 1687 739 1752 tempus
762 1673 949 1752 obligationis,

26 1758 159 1833 equidem,
174 1777 238 1816 eunt
253 1777 289 1815 ex
312 1755 459 1835 privilegio
482 1767 551 1814 tune
574 1756 734 1814 satisfacere
747 1757 844 1833 possit,
865 1757 950 1835 longe

26 1839 104 1896 tutius
118 1851 174 1908 est,
187 1839 277 1915 pridie
291 1839 467 1897 satisfecere:
488 1838 536 1912 qui
557 1838 633 1895 enim
655 1838 691 1895 nd
714 1857 814 1896 munus
836 1839 951 1915 aliquod

26 1932 137 1988 tenetur,
152 1920 225 1978 illud
237 1931 369 1998 prestere
384 1920 477 1986 debet,
487 1919 549 1976 urim
560 1930 662 1995 potest.
680 1919 808 1988 Areedit,
820 1919 949 1996 inquiunt

26 2001 190 2062 Hennensi
201 2003 229 2062 S.
242 2002 352 2080 ignatio
362 2013 391 2060 et
403 1999 507 2069 Coifet,
518 2000 709 2059 timoratorum
722 2019 820 2061 sensus
830 2013 859 2061 et
872 2021 949 2060 usus.

359 2313 553 2382 uunsmo
578 2315 615 2376 v.

85 2452 88 2462 '
143 2457 244 2540 nso.
278 2478 337 2540 nn
358 2476 649 2538 ostrennosn
669 2473 830 2537 nsonn.

228 2639 748 2718 S.fborrsl.2.qstaest96.art.4.
810 2593 827 2606 υ

32 2807 50 2863 1.
76 2805 168 2883 Leyes
190 2803 325 2864 demum
347 2801 475 2879 obliquet
501 2805 534 2861 ἐπ
560 2803 738 2862 comum
780 2802 820 2861 11.
850 2801 951 2862 Etiam

340 2885 412 2962 lepor
431 2885 635 2944 baereticorum.

66 3049 123 3108 AN
137 3049 215 3127 leges
227 3047 357 3108 humane
370 3049 519 3126 imponunt
540 3046 735 3104 neoessitatern
759 3044 789 3102 in
810 3048 871 3104 foro
884 3065 952 3106 oon·

33 3131 157 3200 suenus,
171 3151 231 3199 seu,
246 3131 322 3206 quod
335 3131 411 3188 idem
425 3141 477 3199 est,
488 3147 524 3187 on
537 3128 662 3206 obligant
675 3127 704 3184 in
718 3127 910 3187 dormientis?
964 3163 966 3165 ·

66 3212 88 3271 1.
101 3211 139 3272 tt.
153 3212 248 3288 [eges
261 3211 390 3272 bumana
399 3209 486 3288 justae
500 3209 626 3286 obligent
639 3207 767 3266 subditos
790 3207 818 3266 in
843 3210 952 3267 eonsci-

35 3293 106 3363 entie,
134 3294 175 3352 ita
197 3306 230 3350 nt
257 3313 350 3352 uorem
385 3291 451 3352 Deo
485 3302 605 3370 peccent
638 3309 686 3350 eas
712 3289 952 3368 transgrediendo.

36 3374 182 3452 Responsio
196 3386 240 3432 est
252 3375 288 3434 de
302 3375 358 3433 fide
374 3371 457 3452 juxta
472 3373 609 3450 Sylvium.

68 3457 203 3514 Probatur
217 3475 252 3514 ex
268 3458 370 3534 Apost.
384 3455 419 3514 ad
435 3455 519 3514 Rom.
533 3473 594 3531 cap.
613 3453 658 3510 13.
683 3451 719 3509 V.
742 3453 770 3510 ⁵.
792 3455 810 3487 “
822 3451 955 3512 Neoersi·

36 3541 114 3596 “tste
127 3536 234 3596 subditi
254 3549 346 3596 estote
369 3555 426 3594 non
445 3537 534 3594 solnm
557 3547 672 3614 propter
693 3533 772 3603 iram,
795 3534 846 3592 sed
868 3534 956 3594 etiam

37 3613 954 3775 um

37 3779 264 3842 iideNum.17.

69 3861 215 3921 Undenam
239 3861 287 3924 lex
310 3859 432 3922 humans
453 3859 545 3920 haurit
572 3859 649 3919 illam
677 3859 734 3917 vim
762 3857 902 3934 obligandi
922 3858 952 3916 in

37 3941 217 4004 mentientia?
