2226 4064
267 215 309 256 nn
330 215 452 260 vrrros
472 213 685 259 cnamrsrrs.
883 199 942 258 223

14 361 164 420 attenditur
173 361 330 419 secuuddm
339 359 479 440 majorem
485 360 720 438 propinquitatem
732 362 766 418 ad
776 361 943 439 principium

14 443 187 502 dilectionis:
208 463 274 517 ergo
288 444 432 518 prosimus
447 444 495 520 qni
510 444 575 501 Deo
591 443 634 500 vel
649 442 729 500 nobis
743 457 787 500 est
811 444 943 520 conjunc·

13 525 71 590 tior,
87 538 131 582 est
147 525 234 601 magis
249 524 415 598 diligendus.

52 606 115 663 Non
131 605 234 674 obstat,
248 607 323 681 qnbd
340 607 370 665 S.
383 609 458 682 Aug.
473 606 522 663 lib.
543 607 565 662 l.
583 611 600 639 ‘⁶
611 607 757 664 deDoctr.
769 604 944 666 Christiana”

13 708 67 764 esp.
83 689 132 744 28.
151 689 250 746 edicat:
271 687 408 746 “Omnes
428 688 555 745 homines
579 690 660 762 sque
682 689 816 766 diligendi
840 688 952 753 sunt;’'¹

12 790 71 826 narn
85 789 187 826 sensus
201 784 252 836 est,
274 771 351 844 qudd
366 772 446 845 aque
461 769 596 844 diligendi
610 781 675 826 sunt
689 791 724 826 ex
740 784 817 846 parte
832 769 942 844 objecti,

11 851 944 925 inquantumscilicetomnibusibidembonum,Beatitutliuernnem·

12 953 42 1008 pe
56 945 203 1001 aternam,
213 933 284 989 velle
293 933 437 991 debemus.
478 933 533 989 Vel
545 931 600 988 dic'i
612 945 713 1006 potest,
723 935 798 1008 quod
811 934 946 1008 particula

13 1023 28 1045 *⁶
41 1014 143 1088 equ&
157 1014 232 1070 idem
246 1013 385 1090 significet
399 1034 432 1072 ac
453 1019 471 1047 “
481 1013 610 1090 pariter,”
625 1015 703 1071 nullo
717 1028 846 1090 excepto.

47 1095 173 1157 Quinam
189 1095 261 1152 inter
274 1096 417 1171 proximos
431 1109 497 1152 sunt
510 1095 598 1170 magis
609 1095 768 1170 diligendi?

47 1177 87 1232 ll.
104 1177 146 1233 R.
167 1178 188 1232 l.
201 1175 344 1246 Mallotes,
359 1197 409 1234 seu
423 1177 513 1252 magis
527 1177 615 1234 sancti
629 1191 694 1234 sunt
709 1177 796 1252 tnagis
812 1177 945 1252 diligendi

13 1256 159 1332 objectiva,
174 1257 203 1314 id
226 1270 278 1326 est,
303 1259 391 1334 magis
414 1260 517 1316 bonurn
538 1260 756 1334 supernaturale,
782 1280 832 1316 seu
858 1257 947 1333 major

12 1339 104 1414 gloriae
119 1340 223 1416 gradus
237 1351 280 1397 est
293 1339 361 1416 ipsis
376 1339 583 1409 desiderandus,
609 1339 673 1414 quia
691 1353 756 1397 sunt
770 1341 836 1398 Deo
858 1339 946 1414 arogis

13 1420 163 1496 conjuncti,
175 1433 204 1478 et
215 1434 329 1478 eatenus
338 1422 425 1498 magis
435 1421 531 1498 digni:
547 1423 615 1479 ordo
629 1434 723 1480 autem
738 1423 839 1479 amoris
854 1420 946 1498 objec-
968 1439 969 1442 ’

12 1503 58 1558 tiri
72 1523 111 1559 ex
127 1503 263 1578 dignitate
277 1522 405 1578 personae
419 1521 462 1560 est
476 1503 642 1561 metiendus⁴

48 1586 98 1640 2⁰.
115 1583 164 1643 Illi
178 1583 224 1659 qui
239 1596 305 1642 sunt
318 1585 398 1642 nobis
413 1583 618 1662 conjunctiores
634 1585 720 1662 magis
735 1584 871 1642 intensive
883 1583 946 1640 dili-

13 1665 93 1740 gendi
108 1677 185 1733 sunt,
200 1665 309 1722 caeteris
322 1667 435 1742 paribus
447 1691 455 1734 ς
469 1667 534 1742 quia
543 1668 664 1724 intensio
678 1666 834 1724 dilectionis
849 1685 946 1723 eorum

13 1747 56 1820 qni
70 1735 138 1822 post
152 1747 254 1804 Deum
263 1745 399 1822 diligendi
407 1761 482 1816 sunt,
493 1749 649 1806 desumitur
663 1747 896 1826 &propinquitate
911 1747 947 1803 ad

14 1827 177 1902 diligentem
189 1852 196 1895 ;
210 1828 376 1905 principium
389 1830 462 1886 enim
478 1830 573 1887 motta
586 1843 681 1888 natum
697 1845 740 1888 est
756 1829 947 1887 veliementiirs

12 1910 127 1966 influere
141 1910 170 1965 in
186 1909 237 1966 ribi
252 1911 446 1986 conjunctiora
460 1931 542 1986 quam
557 1913 586 1968 in
600 1913 764 1970 remotione:
780 1931 847 1986 ergo
861 1929 948 1985 quan·

12 1992 39 2046 tb
52 1991 117 2066 quis
132 1991 260 2067 diligenti
275 2005 318 2049 est
332 1991 514 2069 conjunctior,
528 1995 606 2050 tanto
621 1995 708 2070 magis
722 2007 765 2052 est
778 1993 946 2068 diligendus.

50 2075 132 2136 Quot
146 2085 212 2130 sunt
226 2073 311 2141 modi,
328 2073 428 2149 quibus
442 2074 528 2150 aliqui
542 2075 614 2132 inter
628 2096 657 2132 se
677 2077 904 2154 conjunguntur?

48 2153 109 2211 111.
125 2155 163 2212 R.
178 2154 346 2212 statuuntur
359 2155 548 2232 principaliter
561 2169 698 2232 quatuor:
720 2158 825 2234 primm
847 2157 948 2212 modus

14 2235 217 2310 conjunctionis
231 2247 275 2294 est
289 2235 443 2294 secundtim
457 2237 603 2314 originem,
620 2241 760 2314 quomodo
775 2239 946 2316 conjungun-

14 2330 55 2373 tur
67 2329 209 2393 parentes,
225 2330 254 2374 et
267 2318 326 2387 filii,
348 2337 381 2375 ac
395 2319 603 2395 consanguinei.

43 2399 944 2482 Secundusestsecundrimaliquamsocistatem,quomodocives,

11 2480 76 2536 socii
91 2492 123 2537 et
136 2479 328 2538 cohabitantes
342 2479 559 2558 conjunguntur.

47 2559 164 2618 Tertius
178 2575 221 2620 est
235 2563 390 2621 secundum
405 2563 544 2638 quoddam
560 2565 733 2642 obsequium,
756 2572 879 2630 officium
901 2579 946 2645 vel

11 2643 219 2717 obligationem,
234 2655 266 2700 ut
280 2642 487 2720 conjunguntur
501 2646 656 2723 superiores
671 2663 700 2707 et
714 2651 866 2713 inferiores.
897 2665 898 2674 ¹

47 2725 175 2787 Quartus
197 2726 296 2782 modus
310 2738 353 2783 est
367 2727 506 2801 specialis,
520 2747 576 2802 quo
598 2729 806 2808 conjunguntur
829 2740 944 2798 maritus

11 2819 36 2862 et
49 2825 131 2863 uxor.
174 2805 229 2862 His
244 2806 403 2883 premissis,

48 2887 100 2944 IV.
116 2887 278 2945 Dicendum
294 2908 358 2946 cum
375 2888 404 2946 S.
421 2886 523 2946 Thon.
535 2901 586 2948 art.
601 2892 628 2948 8.
642 2893 678 2950 acl
698 2897 722 2952 l.
736 2898 810 2971 qubd
826 2901 881 2971 ille,
896 2905 943 2979 qni

11 2969 165 3026 securrdirm
179 2989 266 3026 unum
282 2969 393 3026 existis
408 2971 500 3026 modis
521 2985 564 3029 est
587 2972 770 3049 conjunctior,
796 2981 832 3040 sit
855 2988 944 3061 magis

10 3049 168 3124 diligendus
182 3051 211 3108 in
225 3052 314 3120 bonis,
329 3071 392 3127 ques
406 3053 442 3109 ad
454 3052 529 3112 illam
545 3053 770 3130 conjunctionem
784 3064 946 3136 pertinent:

10 3143 36 3186 et
50 3131 91 3186 sic
106 3131 137 3188 in
151 3131 279 3188 civilibus
293 3133 459 3209 praeferencli
472 3135 610 3204 concives,
633 3135 662 3192 in
676 3158 706 3196 re
731 3141 832 3204 bel-lica
855 3150 943 3226 magis

11 3211 197 3270 obediendum
210 3213 288 3272 Duci
301 3214 386 3290 quam
401 3214 487 3284 Patri,
506 3217 558 3275 &a
623 3233 627 3242 “

50 3294 79 3351 st
90 3306 186 3352 autem
199 3313 253 3351 non
262 3296 369 3371 possint
378 3297 512 3372 praestari,
523 3317 586 3374 quse
597 3299 632 3356 ad
641 3299 764 3360 diversas
772 3305 943 3384 conjunctio.
1016 3325 1021 3340 ·

11 3396 57 3432 nes
70 3375 223 3451 pertinent,
238 3381 308 3434 tnnc
319 3377 418 3453 inspici
433 3377 527 3447 debet,
539 3399 666 3454 quaenam
681 3383 841 3461 conjunctio
856 3391 943 3469 major

12 3457 45 3513 sit
58 3470 86 3514 et
99 3457 266 3532 urgentiori
285 3457 361 3514 unde
375 3457 400 3514 si
419 3479 476 3516 non
499 3461 589 3538 possis
612 3465 773 3539 parentibus
797 3473 942 3547 egentibus

13 3558 180 3604 sucurrrere,
194 3538 249 3596 nisi
261 3536 362 3596 miliat
377 3559 469 3610 exeas,
483 3541 559 3600 exire
574 3544 686 3603 teneris.
954 3589 960 3600 .

49 3621 84 3677 V.
95 3621 140 3677 ao.
152 3619 212 3686 Qui
221 3621 368 3678 carnaliter
378 3620 519 3698 conjuncti
528 3635 601 3692 sunt,
611 3625 714 3686 debent
722 3647 772 3705 per
780 3651 810 3690 se
819 3636 942 3712 praelemi

14 3701 77 3772 aliis,
92 3701 123 3758 in
137 3699 190 3772 his,
215 3721 278 3778 quae
300 3703 335 3760 ad
359 3707 487 3760 naturam
511 3699 660 3782 spectarit:
679 3709 806 3786 adeoque
830 3715 859 3773 in
871 3719 951 3794 'pari'

13 3783 177 3842 necessitate
199 3783 398 3860 consanguinei
423 3785 514 3860 quoad
538 3786 611 3844 bona
624 3791 790 3866 temporalia
803 3809 833 3853 et
856 3799 941 3858 etiarn

13 3864 164 3941 spiritualia
186 3883 238 3945 per
264 3885 295 3926 se
323 3865 474 3943 loquendo,
502 3867 668 3946 proferendi
691 3884 757 3932 sant
780 3875 850 3951 aliis,
875 3879 944 3939 licet
