2224 4050
250 81 255 90 ’
277 69 280 80 ’
371 112 413 154 or
428 111 634 154 vrnrorrsus.
928 95 965 153 21

38 255 141 330 quando
155 275 214 314 nec
237 255 382 334 expliciti,
406 277 459 316 nec
472 257 609 334 implicite
622 255 699 316 illius
712 256 814 316 veritas
832 267 875 316 est
887 277 966 316 reve·

37 337 93 404 lata,
104 337 211 394 saltem
221 338 424 415 principaliter,
438 341 487 396 sed
496 340 582 400 talem
595 336 679 396 habet
689 340 889 398 connexionem
902 359 966 396 orrm

35 418 175 494 premissa
190 419 221 475 in
235 420 301 488 lide,
325 433 358 478 ut
383 421 590 479 conclusionem
604 440 709 496 negans
723 421 904 480 convincetur
916 435 978 478 ne-·
1002 499 1007 507 Ι

34 519 92 574 gare
105 501 289 576 praemissam
305 501 341 559 de
355 501 420 559 lide.

69 579 120 638 Vl.
135 582 185 639 Ita
197 581 247 640 hic
261 583 458 659 syllogismusr
474 587 492 636 ‘t
504 582 612 640 Omnes
622 579 749 640 homines
763 597 963 666 peccaverunt3

33 668 48 694 ‘⁴
57 663 133 738 atqui
148 663 280 722 Joannes
297 678 340 722 est
366 663 470 722 homor
494 685 561 740 ergo
575 665 700 723 loannes
713 665 839 741 peccavit
849 665 874 732 ;”
897 685 963 724 con-

32 743 116 800 clusio
141 743 209 804 haec
223 746 379 805 “Joannes
402 745 555 823 peccavit,”
579 746 734 804 formaliter
752 747 911 806 conunetur
934 748 964 804 in

30 824 124 901 majori
137 827 307 902 praemisso:
322 835 340 882 ‘t
351 827 459 885 Omnes
472 826 599 886 homines
612 827 815 904 peccaverunt’
829 841 979 904 tanquam*

30 925 89 980 pars
102 908 199 965 totius
212 909 344 986 expresse
353 909 469 966 revelati
483 911 518 966 ud
530 909 615 966 Rom.
631 929 691 986 cap.
705 911 735 967 3.
748 923 778 967 et
791 909 855 968 ideo
868 923 963 987 potest

29 987 94 1055 haec,
111 997 131 1024 “
142 989 273 1048 Joanoes
292 991 443 1067 peccavit,”
465 990 520 1048 ‹lici
535 1011 596 1048 esse
610 991 716 1048 directe
729 992 765 1048 de
778 991 852 1050 fide:
866 1011 963 1066 quam·

29 1070 66 1126 vis
75 1069 164 1146 juxta
180 1071 370 1150 Steyaertium
395 1073 464 1130 fides
486 1072 647 1130 immediate
669 1074 766 1130 tendat
779 1073 809 1130 in
829 1073 977 1150 majorem.

27 1153 213 1228 premissam.

57 1233 130 1290 VII.
143 1233 178 1292 ln
191 1233 245 1301 hoc
253 1246 345 1292 antem
354 1246 532 1312 argumento:
544 1233 654 1294 “Canis
665 1197 978 1294 Tohieehlnndimenthn

28 1319 45 1347 “
55 1317 159 1372 caudre
168 1335 231 1372 sure
239 1317 395 1392 gaudebat;
410 1337 475 1392 ergo
490 1315 566 1374 canis
578 1316 675 1373 Tobiae
687 1314 960 1382 hahebat·cautlar'n‚”

26 1415 205 1472 consequens
218 1399 327 1456 untom
341 1398 504 1466 virtualiter,
524 1418 582 1455 non
594 1397 749 1455 formaliter
762 1399 920 1456 continetur
930 1400 961 1456 in

25 1480 224 1550 antecedente,
246 1479 346 1537 Tohioe
360 1499 421 1556 cap.
439 1481 486 1537 ll.
499 1479 537 1536 V.
551 1481 581 1536 9:
593 1479 734 1537 revelato:
756 1480 822 1554 quia
835 1481 961 1538 conunc-

26 1573 68 1616 tur
81 1561 199 1618 tantum
224 1561 331 1620 ratione
355 1561 546 1634 connexionis,
570 1581 633 1636 quse
657 1574 700 1618 est
719 1561 793 1619 iuter
806 1562 961 1638 significata

25 1642 175 1717 utriusque
187 1642 402 1718 propositionis3
415 1655 498 1719 atque
510 1641 575 1700 hinc
588 1642 742 1720 propositio
752 1642 828 1700 haec:
845 1649 862 1678 “
873 1643 960 1702 Canis

26 1724 157 1788 “Tohiae
184 1723 305 1782 hahebat
327 1723 470 1793 caudam,”
492 1745 548 1782 non
573 1736 616 1782 est
636 1726 672 1782 de
696 1724 754 1782 lida
772 1725 890 1794 directe,
909 1726 960 1782 sed

22 1805 172 1874 indirecte,
197 1806 362 1881 inquantum
375 1807 493 1875 scilicet,
517 1805 551 1864 ei
573 1803 684 1882 negati,
704 1806 837 1882 sequitur,
858 1806 959 1864 falsum

25 1906 95 1958 esee,
117 1887 202 1964 quod
229 1885 327 1946 Tobiae
352 1907 412 1966 cap.
438 1889 483 1946 ll.
497 1887 535 1945 V.
549 1889 578 1944 9.
602 1886 738 1946 hahetur:
758 1899 788 1951 et
807 1888 884 1948 itasi
897 1888 961 1963 quis

24 1968 122 2027 videns
147 1989 215 2028 eaar
237 1970 388 2046 sequelam,
414 1970 547 2046 quidex
570 1989 605 2027 eo
629 1969 706 2046 quid
725 1981 843 2046 negetur
862 1987 961 2028 omem

26 2051 124 2108 Tohiae
154 2049 288 2110 hahuisse
315 2053 442 2123 mudum,
470 2061 611 2127 sequatur,
637 2051 668 2108 iu
693 2051 836 2128 Scriptura
858 2051 976 2116 falsum·

25 2133 177 2201 contineri,
206 2143 237 2191 at
263 2131 443 2190 nihilominus
470 2133 651 2210 pertinaciter
676 2133 707 2190 id
729 2145 852 2212 negaret,
887 2135 961 2192 forst
996 2168 1005 2178 -

25 2213 196 2281 haereticum
216 2234 274 2272 non
287 2215 353 2272 ideo
366 2213 482 2292 precise,
504 2215 569 2290 quia
582 2214 612 2272 id
625 2225 729 2290 negot3
749 2215 799 2272 scd
814 2215 879 2293 quia
892 2235 960 2274 con·

24 2296 145 2355 vincitur
171 2296 354 2372 pertinaciter
376 2295 522 2364 sustinere,
550 2297 625 2372 qahd
646 2296 677 2354 in
699 2295 842 2373 Scriptura
853 2293 960 2354 laisum

24 2378 214 2436 contineatur.
257 2377 346 2434 Aliud
360 2379 441 2446 foret,
464 2377 487 2434 ri
502 2376 556 2435 hoc
569 2377 631 2453 quis
644 2391 768 2458 negaret,
789 2398 845 2436 non
861 2377 960 2436 videns
1004 2441 1006 2450 y

24 2460 94 2533 quod
109 2479 150 2516 ex
166 2479 202 2516 eo
224 2458 330 2534 aliquid
342 2471 476 2536 sequatur
489 2459 657 2518 contrarium
671 2459 746 2517 fidei.

3 2597 4 2620 ,
60 2540 143 2607 Hinc
160 2539 276 2616 collige,
291 2541 432 2600 duomcdo
443 2541 498 2598 dici
511 2540 609 2618 possit,
623 2541 704 2599 illum
714 2561 775 2598 esse
785 2537 958 2610 haereticum,

3 2621 65 2696 'qui
78 2622 209 2679 sustinet
233 2621 353 2698 aliquam
379 2623 606 2700 propositionem,
631 2633 846 2690 concamentem
868 2642 958 2680 mores

23 2705 138 2772 tantum,
168 2722 231 2760 non
254 2704 349 2773 fidem,
375 2704 410 2760 ab
426 2703 553 2761 Ecclesia
576 2703 804 2762 condemnatam:
828 2703 958 2761 nimirum

24 2784 82 2842 licet
107 2785 181 2842 talis
207 2803 266 2841 non
286 2785 327 2852 ,sit
349 2783 497 2842 hereticus
521 2784 586 2842 ideo
610 2785 726 2862 praecish
750 2786 815 2861 quia
838 2785 958 2842 sustinet

23 2866 141 2940 aliquam
167 2867 392 2942 propositionem
414 2885 556 2923 erroneam
571 2866 600 2924 ih
622 2866 761 2933 morihns;
784 2879 878 2925 tameo
893 2867 958 2924 citm

23 2947 78 3004 inde
91 2960 249 3024 sequetur,
264 2949 339 3022 quod
352 2947 480 3018 Ecclesia
493 2947 523 3004 in
534 2949 746 3006 condemnando
755 2949 840 3005 talem
854 2967 957 3024 propo·

23 3029 151 3086 sitionem
167 3029 315 3097 erraverit,
337 3029 402 3086 ideo
415 3029 554 3086 sustinens
567 3028 644 3086 illam
658 3030 875 3106 propositionem
890 3049 957 3087 con-

22 3110 140 3168 rincitur
165 3129 234 3168 essa
255 3109 412 3177 haereticus,
437 3110 499 3168 cinn
523 3111 559 3167 de
582 3110 637 3167 fide
658 3111 704 3179 sit,
728 3111 803 3186 quod
829 3111 957 3170 Ecclesia

22 3211 104 3268 errare
119 3211 185 3249 non
200 3191 294 3268 possit
307 3192 336 3250 in
357 3191 412 3262 fios
426 3203 455 3248 et
470 3191 608 3249 moribus:
632 3191 675 3248 his
689 3192 842 3250 conformia
860 3193 958 3251 scribit

24 3272 45 3329 S.
57 3272 114 3332 Th.
135 3276 162 3331 l.
178 3293 212 3350 p.
227 3294 255 3348 q.
271 3273 320 3330 32.
334 3293 352 3330 a
365 3273 393 3330 4.
407 3285 435 3330 et
449 3271 478 3328 in
492 3292 553 3348 cap.
571 3275 617 3330 11.
631 3273 722 3350 Epist.
739 3275 764 3330 l.
778 3275 814 3331 ad
836 3275 902 3333 Cor.

54 3355 149 3412 Estne
165 3356 208 3412 de
222 3355 288 3422 tide,
303 3355 466 3412 modernum
475 3353 643 3412 'Pontificem
655 3353 736 3412 Pium
748 3355 799 3412 Vl.
812 3375 873 3414 esse
886 3355 957 3420 Suc-

24 3455 156 3494 cessorem
185 3436 349 3510 legitimum
375 3435 405 3493 S.
426 3435 503 3492 Petri
527 3447 556 3493 et
576 3435 682 3494 Christi
700 3436 868 3494 Vicarium?
889 3439 955 3516 'cim

3 3521 4 3596 l
23 3517 151 3576 inferatur
163 3537 206 3576 ax
221 3516 267 3588 his
276 3517 442 3594 praemissis:
459 3517 548 3574 omnis
563 3517 693 3574 Pontitex
704 3518 829 3594 legitime
839 3519 955 3585 electus,

25 3613 56 3656 est
75 3621 165 3658 vertas
198 3599 354 3657 Successor
377 3598 406 3656 S.
429 3597 507 3656 Petri
531 3611 560 3656 et
585 3597 689 3656 Christi
710 3599 854 3666 Vicariu'ss
877 3601 956 3674 atqui

3 3705 4 3736 t
25 3682 170 3739 nodemus
187 3679 326 3740 Pontifex
341 3681 408 3738 Pius
422 3679 475 3738 vl.
492 3693 534 3737 est
548 3679 673 3755 legitimo
687 3680 810 3740 electust
831 3699 898 3758 ergo
911 3694 956 3740 est

3 3803 5 3858 ν
26 3781 93 3822 rems
108 3763 276 3828 Successor
291 3763 321 3822 S.
337 3762 413 3824 Petri
428 3773 457 3824 et
471 3759 578 3822 Christi
591 3761 728 3826 Vicorius.

1092 3199 1108 3291 l
