2248 4070
165 195 228 256 880
538 211 732 256 roscrsros

206 361 249 418 1⁰.
262 358 441 418 Esonseotnr
454 355 556 426 merlini
570 369 600 418 et
613 356 836 435 phermitopolte
848 370 981 434 perantes
1008 355 1111 416 medi-

161 442 240 500 cines
253 461 304 518 pro
318 441 442 509 inlirmie,
457 459 493 497 ex
507 459 590 498 osuse
603 441 776 500 necessitatis
789 441 916 518 proximi.

203 526 252 582 2⁰.
267 522 314 582 Ob
327 522 522 580 nenessitatem
544 521 694 596 aliqnando
707 522 774 580 lieet
796 522 899 580 molere
918 533 947 582 et
971 521 1111 598 pinsere,

162 606 205 662 nti
218 604 300 662 letitie
314 603 402 662 videri
415 603 551 680 potest-in
566 604 680 662 demeto
693 603 878 662 Illustrissimi
892 603 983 662 Hovii
1007 602 1111 660 citato

163 685 291 744 Numero
305 687 353 743 81.
368 686 398 742 in
411 705 468 760 qno
492 684 576 742 etiem
599 684 766 754 deolmtnr,
789 684 859 761 qnid
882 685 967 760 licent
993 684 1111 742 diebus

162 765 253 825 Festis
267 767 466 836 braxatoribus,
482 765 647 835 lanionibus,
661 766 778 841 aliisque
793 766 947 843 opificibus.

204 849 252 907 8⁰.
275 849 453 908 Excusentor
476 848 548 905 servi
576 859 605 904 et
632 847 742 906 aneillae
763 853 908 924 properes,
930 847 1109 906 reficientes

162 929 328 988 vestimento
340 949 398 999 sne,
413 931 481 995 dnm
495 928 556 986 eliis
570 928 668 986 diebus
683 925 795 1006 lempns
818 949 874 986 non
898 928 1019 998 hebent,
1050 949 1109 987 neo

161 1008 265 1070 labent
278 1031 333 1087 qno
344 1013 484 1072 mediante
497 1010 559 1068 eliis
571 1009 721 1068 reficiendo
742 1011 862 1068 trndsnt.
902 1011 1034 1072 Peooent
1061 1011 1108 1066 in-

161 1093 244 1152 terim
257 1111 355 1152 eornm
370 1093 495 1162 Domini,
510 1093 578 1170 dum
591 1092 779 1152 neeessorinm
792 1105 903 1170 tempos
918 1112 975 1150 non
991 1111 1109 1151 conoe·

161 1173 242 1231 dont.

203 1255 326 1314 Notatur
339 1267 431 1314 temen
445 1255 786 1331 provectionemmsem
805 1253 882 1314 hsno'
901 1255 1006 1332 partim
1032 1275 1108 1332 pro·

161 1337 256 1396 venire
270 1357 305 1395 ex
319 1337 425 1396 malitie
434 1350 463 1394 et
476 1337 591 1396 semitis
601 1337 797 1406 Dominornm,
811 1336 912 1413 partim
927 1357 963 1396 ex
979 1337 1106 1414 pigritia

161 1418 364 1488 somniantium,
378 1419 427 1494 qui
440 1418 504 1476 ideo
517 1422 593 1495 siepe
606 1423 663 1475 non
676 1419 752 1476 omni
767 1415 851 1495 culpi
864 1431 975 1477 vacant.

201 1503 247 1560 to.
274 1499 464 1559 Periiormiter
490 1513 658 1558 secuuntur
685 1501 768 1576 ooqni
791 1512 920 1576 perantes
944 1501 1025 1558 eibos
1048 1501 1102 1558 die

162 1580 263 1640 Festo:
282 1582 331 1640 elii
355 1583 419 1640 illos
442 1593 577 1639 exonerent
599 1592 713 1660 propter
735 1582 978 1650 consuetudinem,
1005 1583 1103 1640 etism

161 1663 229 1722 dnm
243 1676 341 1740 perant
354 1663 431 1722 oibos
444 1664 651 1722 deliciaturum
664 1663 700 1720 nd
714 1662 834 1720 oonririi
858 1663 1103 1740 superfluitatem.

202 1745 246 1802 50.
260 1745 357 1804 Titolo
370 1745 544 1804 necessitatis
557 1746 649 1803 solent
662 1745 789 1802 exousnri
802 1745 983 1804 conficientes
997 1759 1103 1803 restes

162 1825 293 1902 lugubres
306 1827 353 1885 die
367 1827 498 1896 Festo,si
522 1827 649 1885 obsolute
670 1825 724 1883 elii
746 1827 793 1884 die
815 1826 916 1884 oonfioi
938 1841 1103 1902 nequeant.

160 1907 235 1969 Item
250 1907 438 1985 Febriierrsrii
451 1908 608 1967 oeloemtes
621 1925 709 1985 equos
728 1908 765 1966 ob
788 1909 986 1966 nenessitatem
1009 1909 1104 1967 itine-

160 1990 292 2048 rentium.

201 2071 514 2130 emolumentorum
528 2083 697 2130 excusentur
717 2071 821 2129 milites
841 2071 889 2128 die
903 2070 988 2130 Festo
1008 2071 1102 2130 dimi-

161 2165 264 2222 osntes,
279 2173 367 2229 enque
380 2154 474 2230 omnis
486 2165 660 2230 peregentes,
674 2171 737 2229 quae
750 2154 786 2211 ed
799 2153 943 2212 victoriam
959 2155 1104 2212 obtinen-

161 2235 225 2294 dem
240 2253 363 2311 congrue
372 2234 542 2312 jndieentur.
763 2239 766 2246 ’

198 2316 290 2380 Quale
304 2317 436 2374 dnmnnm
450 2315 498 2376 bie
511 2315 756 2393 comprehenditur
769 2317 821 2374 snb
835 2315 1030 2376 necessitate?

198 2397 255 2457 ΙΙΙ.
271 2398 307 2456 R.
321 2397 450 2458 Christus
464 2397 646 2474 Matonem.
666 2399 710 2456 12.
727 2397 866 2473 signifieat
880 2417 960 2455 ovem
976 2398 1102 2456 aliudve

156 2479 269 2547 animal,
283 2480 306 2537 si
321 2480 367 2539 dis
381 2475 466 2538 Festo
479 2481 508 2537 in
522 2481 632 2540 foveam
645 2479 784 2551 insiderit,
799 2479 869 2558 eripi
883 2499 976 2557 posse,
1002 2481 1101 2556 idque

156 2561 194 2617 ed
208 2561 339 2618 domnum
353 2563 544 2620 evertendum.

199 2641 248 2701 sie
264 2642 338 2700 lieet
359 2643 483 2701 laborare
505 2643 650 2712 serviliter,
675 2644 742 2700 dom
767 2661 838 2720 opus
860 2641 1005 2719 inceptum
1032 2643 1100 2700 sine

158 2723 261 2804 domno
280 2725 397 2782 notabili
418 2726 583 2803 interrumpi
605 2725 775 2801 nequit,.ntl
796 2745 824 2782 v.
848 2745 875 2802 g.
898 2725 1042 2801 contingit
1069 2726 1098 2782 in

159 2803 335 2866 coniectione
349 2807 424 2875 ferri,
439 2807 512 2875 vitri,
527 2811 579 2866 &o

200 2885 375 2946 Obeendem
389 2889 525 2947 retionem'
538 2889 646 2947 licitum
660 2900 704 2948 est
726 2888 852 2946 inherere
872 2888 902 2945 in
926 2907 1022 2946 messe
1048 2889 1098 2946 vel

120 2958 123 2974 ⁸
159 2968 308 3038 vindemio,
333 2971 444 3045 quoodo
464 2969 533 3028 aliie
554 2991 591 3029 ox
614 2983 791 3048 tempestate,
812 2968 907 3047 pluvii
927 2981 978 3028 out
1002 2969 1098 3026 simili

161 3069 244 3109 oense
257 3052 380 3109 notabile
393 3052 525 3110 domnum
540 3052 676 3110 imminet.

202 3132 269 3190 Hoe
294 3145 389 3190 temen
416 3145 522 3204 notato,
550 3135 626 3211 qnod
654 3135 721 3191 dnm
749 3131 984 3190 extraordinarios
1011 3131 1099 3190 labor

160 3213 272 3290 publice
285 3215 346 3272 lieri
360 3214 452 3284 debet,
473 3228 602 3292 oportent
621 3227 717 3292 petere
740 3213 883 3272 lieentiem
906 3214 942 3272 eb
964 3213 1097 3272 Officioli

160 3295 304 3374 Episoopi‚
318 3295 363 3353 vel
376 3296 406 3353 in
419 3295 489 3355 loeis
502 3297 697 3356 remotioribus
715 3297 751 3354 'nb
766 3294 1021 3372 Amhiprosbytero
1038 3296 1097 3353 dis-

160 3376 269 3446 trictim,
283 3376 360 3437 enti
374 3378 489 3437 Pastore
502 3379 566 3448 looi,
582 3379 672 3455 quiin
686 3378 743 3435 illie
758 3378 868 3435 ossibus
881 3395 916 3435 ex
938 3390 1096 3435 eonsuetu-

161 3458 237 3525 dine,
261 3459 301 3516 eit
321 3459 464 3518 Boneoino
485 3480 549 3518 oum
573 3461 644 3530 eliis,
666 3460 846 3536 dispensent:
867 3459 1007 3536 debetque
1030 3457 1096 3516 haeo

161 3538 275 3596 lieentia
301 3539 435 3598 declnrrsm‘
462 3561 513 3599 sen
535 3543 672 3600 notificari
697 3540 820 3599 officiali
845 3540 938 3616 Regio
960 3539 1096 3616 ejusdem

161 3619 226 3685 loni,
251 3639 286 3676 ns
309 3620 367 3690 ille,
392 3641 441 3679 eos
463 3623 736 3693 metuendorum
756 3621 829 3700 juris
855 3621 968 3678 inntiles
997 3622 1097 3680 inciet.

163 3697 270 3759 netem
285 3700 399 3760 licentis
421 3723 473 3780 pro
493 3705 589 3767 labore
611 3705 723 3764 teonlto
745 3703 860 3780 petitur,
881 3703 993 3779 quondo
1008 3723 1098 3761 eeuso

164 3797 369 3876 excuseospon
381 3795 425 3842 est
438 3785 561 3858 evidens,
582 3797 616 3844 nt
627 3797 697 3846 tune
719 3785 811 3845 velent
831 3803 883 3864 per
902 3784 1019 3844 mo'dnm
1038 3784 1097 3842 dis·

163 3873 340 3933 pmnosno.
