2248 4070
140 53 202 112 3:10
515 67 711 114 rnncrnros

159 215 261 280 Hinc
267 227 353 293 petet
365 213 446 294 cujus
459 214 570 312 speciei
565 227 725 293 peccatum
740 215 907 284 committet,
921 217 971 293 qni
985 217 1092 294 legem

139 269 261 374 aliquam
271 297 518 375 transgreditur,
491 297 622 356 nimirum
632 309 732 375 peccat
740 309 837 356 contre
845 297 921 356 illam
934 301 1089 366 virtutem,

141 401 178 437 ex
199 379 279 457 cujus
304 381 411 438 motivo
435 379 545 436 lormnli
569 379 615 436 lex
638 391 687 436 aut
710 393 882 473 preceptum
908 383 1018 440 fertur:
1042 380 1091 438 sic

140 463 269 522 laborans
279 462 417 520 serviliter
433 461 479 520 die
496 461 588 530 Festo,
603 461 648 518 vel
662 481 718 520 non
727 460 843 538 jejunus
857 464 1090 530 communicans,

140 543 194 602 nisi
208 544 237 602 in
252 543 363 601 casibus
377 543 513 624 exceptis,
528 554 628 620 peccat
642 556 740 602 contra
761 543 893 600 virtutem
909 544 1090 621 Religionis.

182 625 231 684 An
246 623 295 683 ille
310 625 438 684 laborans
452 624 591 684 serviliter·
612 625 658 682 die
673 625 758 682 Festo
779 644 835 682 non
856 638 955 702 peccet
980 639 1093 686 centra

141 706 328 768 obedientiam
346 707 482 766 Ecclesiae
496 706 669 784 praeoipienti
684 707 831 764 debitam?

158 836 164 859 ,
182 789 220 846 R.
235 787 300 848 Non
315 803 414 865 peccet
428 801 545 864 peccato
559 788 675 864 speciali
698 801 796 846 contre
821 787 953 846 virtutem
980 787 1093 846 obedis

140 869 242 936 entiae;
263 870 329 945 quie
351 871 482 928 Ecclesia
510 890 566 928 non
588 869 654 926 tulit
676 870 757 927 istam
786 868 878 945 legem
906 889 941 928 ex
970 869 1092 945 motivo

140 951 252 1014 formali
267 953 377 1010 virtutis
392 952 580 1018 obedientiae;
600 970 664 1010 nam
680 951 809 1010 Ecclesia
822 971 872 1028 per
884 951 962 1010 illam
984 952 1089 1028 legem

140 1053 198 1095 non
222 1034 328 1092 directe
352 1033 473 1092 intendit
494 1033 523 1090 in
548 1033 668 1092 subditis
692 1035 797 1092 bonum
825 1033 1006 1103 obedientie,
1031 1033 1091 1092 sed

141 1115 249 1174 cultum
264 1115 430 1191 Religionis.

156 1197 254 1272 „Agit
267 1197 381 1274 quidem
395 1197 444 1256 ille
458 1208 556 1257 contra
569 1194 756 1254 obedientiam
779 1196 959 1273 generalem·
979 1196 1089 1254 verum

140 1277 221 1335 illa
214 1298 242 1335 ιιι
267 1279 427 1356 particulari
451 1291 595 1356 praecepto
620 1279 820 1336 determinatur
842 1279 878 1336 nd
905 1290 1090 1355 praeceptam

140 1360 284 1428 virtutem,
299 1361 382 1420 etita
395 1361 443 1420 ille
457 1381 524 1418 non
521 1359 679 1418 committit
692 1361 749 1418 duo
763 1373 880 1446 peccate
898 1359 996 1438 specie
1023 1359 1090 1416 dis·

141 1441 238 1511 tincta,
253 1443 305 1500 aed
318 1443 434 1501 unicum
449 1455 547 1500 contra
561 1442 749 1518 Religionem.

182 1524 317 1584 Pecoaret
330 1542 424 1584 autem
438 1523 553 1601 speciali
567 1536 684 1599 peccato
708 1535 806 1582 contra
829 1522 1037 1594 obedientiam,
1061 1523 1089 1579 si

141 1605 189 1665 lex
202 1626 239 1664 ex
253 1607 358 1664 motivo
373 1607 483 1664 formali
498 1606 666 1664 obedientie
680 1605 738 1662 lata
751 1617 840 1672 esset;
864 1606 915 1664 sed
927 1604 1018 1663 telem
1048 1605 1089 1662 de

141 1687 217 1748 secto
230 1687 335 1746 nullam
351 1707 412 1748 esse
426 1688 516 1764 legem
530 1687 675 1755 Ecclesiae,
690 1687 820 1763 opinatur
834 1686 955 1746 Oriedo.

158 1815 164 1826 .
182 1769 216 1828 In
230 1769 379 1844 preceptis
388 1782 482 1826 temen
495 1769 666 1846 privatorum
677 1769 748 1826 illud
758 1789 834 1846 saepe
848 1768 998 1844 contingit,
1014 1788 1048 1824 v.
1059 1787 1089 1844 g.

141 1849 166 1911 si
176 1849 261 1911 Peter
270 1849 416 1927 prohibeat
425 1851 500 1920 filim,
515 1871 551 1908 ne
562 1851 647 1908 domo
657 1863 747 1921 excat,
762 1864 855 1910 etnon
864 1850 972 1910 indicet
986 1849 1089 1908 ullnm

141 1932 277 1989 motivum
294 1933 410 1990 formale
430 1931 544 1990 alterius
566 1932 687 2002 virtutis,
708 1952 800 2008 neque
822 1932 904 1990 aliam
928 1931 1089 2002 rationem,

141 2011 225 2090 quim
240 2014 450 2090 superioritatie,
464 2033 575 2108 nempe,
590 2014 657 2092 quia
670 2013 711 2072 sic
731 2015 808 2072 vult:
829 2013 989 2072 observatio
1014 2013 1090 2072 talis

141 2095 276 2192 praerepti
287 2096 341 2153 erit
351 2109 430 2154 actus
441 2096 527 2153 solius
539 2095 649 2153 virtutis
658 2096 833 2166 obedientie,
845 2108 873 2154 et
882 2095 1091 2174 prevaricatio

141 2177 195 2246 erit
208 2191 356 2254 peccatum
371 2190 467 2236 contra
481 2177 667 2236 obedientiam
683 2179 801 2236 tantem

184 2259 215 2317 Si
229 2270 322 2317 autern
339 2260 423 2317 Pater
443 2260 575 2328 declaret,
596 2279 627 2317 se
640 2259 711 2316 illud
733 2259 885 2337 precipere
907 2277 945 2318 ex
969 2239 1091 2318 motivo

142 2340 252 2398 formali
267 2341 444 2410 obedientie,
458 2354 487 2400 et
501 2341 585 2398 simul
610 2357 659 2400 ex
667 2341 774 2400 motivo
796 2341 906 2400 formali
928 2339 1090 2407 castitatis,

142 2420 223 2499 cujus
237 2423 373 2480 violandae
387 2423 543 2499 periculum
559 2424 673 2481 subesse
687 2435 782 2496 posset
802 2423 844 2480 sic
866 2423 1005 2490 exeundo,
1035 2422 1090 2480 teli

143 2517 210 2574 casu
224 2505 379 2564 observatio
393 2505 508 2582 ponitur
521 2505 550 2562 in
561 2505 668 2581 duplici
682 2505 794 2574 virtute,
805 2518 835 2564 et
845 2515 910 2562 snut
921 2503 1091 2562 virtualiter

143 2587 201 2652 duo
214 2600 362 2663 praecepte,
376 2589 452 2646 unde
466 2587 524 2646 filia
537 2588 666 2646 exeundo
680 2585 808 2664 peccabit
821 2597 919 2644 contra
942 2586 1090 2646 obedien·

142 2668 211 2727 tiam
235 2680 265 2725 et
287 2683 384 2726 contra
407 2669 585 2736 castitatem
606 2668 679 2744 quia,
704 2668 777 2726 illud
801 2680 976 2745 preceptum
1001 2668 1090 2736 facit,

142 2749 286 2816 materiem
302 2764 470 2827 praeceptam
486 2751 571 2808 etiem
585 2763 712 2826 spectare
726 2751 763 2808 ad
777 2749 909 2808 virtutem
930 2747 1090 2819 castitatis,

142 2845 275 2906 tanquam
291 2832 412 2888 medium
427 2847 522 2908 aptum
538 2833 650 2890 adeam
665 2833 892 2892 conservandam.

155 2965 169 2982 .,
184 2913 263 2974 Hinc
277 2927 352 2982 nota,
367 2915 441 2988 qubd
456 2914 543 2989 eliqui
557 2928 636 2972 actus
650 2935 701 2992 per
714 2911 745 2972 ee
760 2925 839 2972 etex
854 2911 965 2990 objecto
991 2931 1089 2990 oppo-

142 3009 245 3054 nantur
258 2995 341 3054 alicui
355 2996 461 3064 virtuti,
482 3009 515 3054 ut
539 2997 659 3054 ebrietas
681 2995 894 3073 temperantiae:
915 2993 964 3052 alii
991 3015 1090 3072 oppo-

123 3115 128 3132 ,
142 3089 244 3140 uantur
258 3094 308 3153 per
321 3077 451 3136 accidens
465 3074 573 3134 tantrlm
590 3078 696 3136 ratione
711 3077 780 3153 legis
794 3077 837 3135 vel
849 3076 1089 3154 preceptionem

143 3179 208 3216 esus
222 3159 345 3216 carnium
361 3160 407 3218 die
415 3158 517 3236 jejunii
530 3160 622 3216 eidem
639 3159 734 3216 virtuti
748 3158 940 3236 temperantiae
960 3158 1089 3235 opponi·

143 3252 208 3298 tur:
229 3253 258 3298 et
272 3241 312 3298 ite
325 3241 409 3298 etiam
425 3241 517 3298 exitus
541 3241 589 3298 ille
613 3241 642 3298 in
666 3261 732 3298 casu
757 3241 893 3318 praedicto
911 3251 954 3298 est
981 3253 1089 3298 contra

143 3323 274 3378 virtutem
290 3322 425 3379 castitatis
441 3343 490 3398 per
503 3323 653 3380 accidens:
673 3323 781 3380 ratione
800 3323 908 3380 scilicet
931 3322 1087 3399 praecepti,

143 3402 212 3462 licet
226 3405 298 3460 forte
312 3404 369 3460 fllia
382 3405 490 3462 nullum
506 3417 598 3462 actum
615 3415 763 3460 venereum
779 3404 975 3466 commisisset.

187 3483 231 3540 Ex
246 3484 328 3542 dictis
343 3485 453 3560 collige,
470 3485 679 3544 Confessnrium
694 3486 768 3544 circa
791 3496 933 3562 praecepta
954 3485 1088 3561 particu-

144 3565 213 3622 lotia
226 3566 320 3640 gravia
334 3568 433 3624 merito
447 3567 625 3642 interrogare,
647 3587 733 3642 quare
755 3567 801 3624 vel
823 3567 860 3626 ad
883 3587 965 3642 quern
993 3567 1087 3624 finem

145 3645 272 3720 superior
292 3648 456 3723 preceperit
480 3662 529 3705 eut
555 3647 739 3724 prohibuerit,
765 3661 798 3708 ut
825 3648 866 3706 sic
894 3665 1088 3724 cognoscatur

146 3727 281 3790 motivum
296 3729 410 3788 formale
425 3731 568 3809 praecepti,
583 3744 613 3790 et
626 3730 735 3810 species
754 3729 873 3810 peccati.
