2248 4070
314 79 321 86 ’
372 114 417 156 nu
435 115 581 158 suemus.
907 103 968 162 349

17 279 173 318 recurrere
188 261 224 318 ad
239 259 427 338 superiorem:
449 260 490 318 sie
506 258 641 336 Episcopi
654 257 838 338 dispensent
830 282 859 320 ιιι
873 263 968 323 obser·

17 341 141 400 vatione
152 340 263 419 jejunii,
280 341 436 409 Festoruur,
447 343 503 400 nc.

64 423 186 480 V1.5⁰.
203 424 377 500 Dispensant
401 423 565 499 Episcopi
557 443 585 478 m
607 441 674 480 casu
696 423 880 496 necessitatis,
902 393 967 502 quin

16 523 80 559 non
96 505 204 580 patitur
220 523 324 564 moram
340 504 501 562 recurrendi
516 503 636 562 Romam
659 504 703 561 vel
717 505 753 562 ad
767 505 853 564 alium
867 467 966 566 intim-

16 584 166 643 uisatum.
188 585 253 644 irinc
266 587 410 661 dispensat
426 583 584 662 Episcopus
604 586 802 660 quandoque
793 606 824 646 rn
846 586 964 665 impedi-

16 667 130 723 mentis
146 667 324 735 matrimonii,
339 677 372 722 ut
386 666 489 724 dicitur
502 667 532 723 in
555 666 650 724 Tract.
672 672 690 700 “
701 668 738 724 de
763 665 964 727 Matrimonio”

16 745 116 804 Num.
135 746 202 805 122.

62 828 138 886 Vll.
170 829 301 902 Plerique
330 829 424 894 etiam,
460 840 494 886 ut
523 829 645 905 Sylvius,
673 826 821 904 Layman,
839 829 963 901 Neesen,

18 908 217 966 Reiffenstnel
232 923 262 965 et
277 909 424 986 Fegnanus
438 909 466 966 iu
481 929 542 986 cap.
559 911 703 968 Vsnruns
718 911 783 968 “de
797 910 862 968 filiis
886 931 964 988 pres·

18 995 37 1020 “
54 989 251 1065 byterorum‚”
286 991 393 1058 volum,
430 991 603 1067 Episcopum
637 1009 720 1066 posse
747 991 907 1068 dispensare
934 995 965 1052 in

15 1072 146 1136 casibus,
159 1071 299 1145 inquibus
315 1073 430 1128 dubium
443 1085 495 1140 est,
511 1092 545 1128 au
557 1071 727 1147 dispensatio
741 1071 779 1130 sit
789 1074 964 1144 necessaris3

15 1163 128 1225 potest,
139 1152 280 1227 inquiunt,
289 1166 359 1210 tuuc
370 1153 531 1228 dispensare
542 1154 578 1210 ud
589 1153 745 1214 cautelam:
760 1154 810 1210 sed
822 1153 962 1232 Steyuert,

16 1252 107 1305 quem
119 1245 277 1307 sequuntur
288 1234 416 1291 Panwels
425 1246 455 1290 et
464 1234 613 1300 Daelman,
620 1232 691 1290 hunc
699 1233 919 1306 conclusionem,
928 1249 963 1296 ut

16 1313 139 1370 dubiam
167 1327 289 1372 tractet·
323 1315 478 1372 formaliter
504 1327 599 1371 tamen
627 1314 753 1384 resolvit,
780 1315 887 1390 praxim
924 1337 962 1376 ιιι

17 1394 232 1452 consuetudine
244 1408 312 1452 nota
326 1395 458 1452 Pontifici
470 1395 598 1452 excusari
612 1413 704 1470 posse.
822 1427 824 1434 ·

61 1475 198 1532 Norant
191 1477 303 1532 roterim
319 1475 453 1552 Pyrrhus,
479 1476 634 1534 Cor-rarrlus
659 1486 688 1534 et
712 1476 846 1537 Sancheu
861 1479 962 1540 nullibi

16 1556 148 1630 reperiri,
166 1556 337 1632 Episcopum
353 1557 469 1614 ectenias
478 1577 565 1650 prosse
575 1549 757 1632 dispensare
750 1578 780 1615 ιιι
793 1578 861 1618 cusu
875 1561 961 1618 dubio

16 1637 219 1712 impedimenti
234 1638 390 1694 dirimentis
405 1637 622 1694 matrimonium.

58 1719 110 1773 An
142 1717 188 1774 iras
215 1719 363 1778 facultates
392 1718 597 1796 Episcoporum
632 1729 698 1778 sunt
733 1719 889 1793 ordinariae,
924 1742 961 1782 an

16 1798 162 1874 delegatur
174 1802 303 1858 tantirm.
297 1802 307 1842 t

57 1880 98 1936 R.
115 1881 208 1939 Juxta
223 1882 326 1940 Suaren
340 1892 370 1938 et
395 1879 583 1938 Reiffenstuel
606 1891 731 1956 potestas
754 1881 960 1960 Episcopornm

17 1957 204 2054 dispensandi
233 1963 355 2038 quinque
379 1961 579 2038 posterioribus
604 1962 714 2020 casibus
739 1973 783 2020 ιιι
805 1963 960 2033 ordinatim

16 2041 83 2115 quia
98 2043 181 2099 dictu
193 2056 318 2118 potestus
332 2043 468 2118 competit
483 2042 632 2118 Episcopis
646 2043 753 2102 ratione
767 2043 812 2100 sui
835 2046 958 2104 muneris

16 2135 45 2179 et
59 2123 153 2180 officii
175 2123 332 2199 pastoralis,
357 2137 457 2199 estque
481 2136 636 2200 per·petna;
656 2125 732 2182 unde
757 2137 786 2182 et
810 2144 871 2184 eam
896 2126 959 2184 eliis

16 2216 141 2278 possunt
157 2204 296 2279 delegare.
703 2233 708 2240 ·
758 2237 761 2244 ¹

56 2285 202 2351 Inferum,
218 2287 321 2342 dictam
336 2295 504 2361 potestatem
528 2284 613 2346 etiam
636 2297 798 2362 competere
824 2285 958 2364 Capitulo

18 2367 123 2422 “sede
151 2379 265 2424 vacante
275 2367 299 2424 :’'
322 2367 388 2440 quio
403 2365 566 2440 Capitulum
592 2368 687 2424 “sede
708 2367 840 2426 vacante”
864 2369 959 2428 omniu

17 2467 48 2503 ea
63 2467 200 2504 exercere
215 2460 316 2524 potest,
336 2467 399 2522 qnae
410 2447 473 2522 jure
487 2447 629 2504 communi
643 2447 784 2523 pertinent
796 2449 833 2506 ad
847 2449 959 2512 ordinu-

18 2528 86 2584 riam
120 2527 256 2606 Episcopi
279 2527 515 2605 jurisdictionem,
543 2528 597 2592 nisi
625 2547 688 2603 quas
723 2529 869 2605 speciatim
891 2530 956 2607 jure

17 2608 214 2684 prohibentur.

58 2691 110 2746 An
126 2703 252 2766 pusiones
269 2691 310 2748 vel
325 2690 372 2746 alii
386 2691 538 2746 directores
552 2689 716 2757 animarum,
741 2709 797 2750 non
821 2687 956 2750 habentes

14 2769 242 2845 jurisdictionem
259 2772 465 2850 Episcopslcm,
486 2783 605 2847 possunt
619 2772 780 2848 dispensare
794 2771 824 2828 in
846 2771 955 2848 legibus

21 2851 183 2910 Ecclesiae?

57 2933 147 2990 VllI.
163 2933 199 2990 R.
217 2932 290 3007 Neg.
305 2933 410 3007 aliquid
426 2944 518 2990 tamen
533 2931 642 2988 obtinet
665 2932 695 2988 in
710 2931 862 3002 Pnrocbiis,
884 2951 956 3007 prur-

19 3014 121 3069 sertim‘
133 3014 281 3082 ruralibus,
292 3015 341 3084 nbi
359 3015 487 3072 Pastores
502 3014 537 3070 de
552 3033 689 3076 consensu
705 3013 839 3089 Episcopi
863 3013 956 3074 solent

20 3093 182 3170 dispensare
196 3096 270 3152 cirea
285 3095 487 3171 frequentiores
502 3113 584 3163 casrrs
596 3105 800 3170 praeceptorum
811 3091 911 3170 jejunii
926 3109 956 3154 et
1070 3165 1073 3172 Ι

21 3176 176 3240 festorum
197 3175 353 3232 incivitate
375 3176 449 3242 verb,
471 3175 519 3244 ubi
543 3187 666 3238 moratur
690 3174 857 3250 Episcopus,
882 3175 956 3237 solet

20 3275 69 3330 pro
83 3275 137 3313 ιιιι
151 3257 276 3314 ciborum
293 3257 441 3312 vetiurrum
456 3255 556 3312 diebus
564 3254 665 3330 jejunii
676 3254 779 3312 recurri
790 3255 826 3312 ad
837 3255 955 3332 Episco-

21 3357 96 3411 pum,
112 3350 142 3392 et
156 3355 207 3411 pro
230 3337 371 3393 laboribus
395 3335 542 3392 servilibus
564 3337 727 3394 exercendis
752 3335 852 3394 diebus
876 3337 955 3396 lestis

21 3419 52 3474 ad
69 3417 241 3474 Officialem.
954 3463 960 3470 .

59 3501 199 3555 Attamen
222 3517 273 3574 pro
300 3497 543 3574 dispensatione
535 3516 564 3554 ιιι
583 3494 692 3573 jejunio
714 3496 954 3572 quadregesimali,

22 3591 49 3634 ut
62 3579 120 3636 toti
134 3579 260 3636 Diorcesi
274 3577 359 3636 liceat
372 3597 437 3634 esus
451 3578 586 3646 carnium,
600 3597 705 3638 recurri
696 3576 807 3640 debet
820 3579 856 3640 ad
868 3577 956 3674 Epis·

23 3679 133 3753 capum,
142 3672 172 3716 et
181 3659 330 3735 aliquando
340 3659 376 3716 ad
389 3658 491 3718 Sedern
502 3657 695 3734 Apostolicam
705 3678 768 3716 cunr
779 3658 954 3733 expositione

23 3741 159 3798 mtionum
185 3740 317 3810 inieris,
339 3738 388 3798 nbi
414 3739 571 3818 Episcopus
595 3737 775 3824 dispensandi
799 3737 954 3803 nonhabet

20 3821 190 3880 facultatem.

60 3902 115 3962 Tr.
128 3902 164 3961 de
177 3899 312 3979 lepidam
556 3916 579 3960 ιι
594 3897 614 3957 h
