2240 4060
152 201 202 260 viii
569 222 676 263 rrunx.

153 367 218 405 Num·

153 415 193 474 77
214 411 261 471 De
276 411 407 471 variemte
417 423 623 489 praeceptorum
634 413 704 490 legis
715 413 825 484 veteris,
933 456 941 474 .

152 496 192 556 78
212 494 260 552 Dc
274 494 420 570 Deculogo
434 507 464 552 et
477 495 513 553 de
527 494 552 552 1.
564 507 595 554 et
608 495 647 554 ll.
667 509 818 574 praecepto,
931 537 940 554 .

30 637 34 647 ,
152 581 192 638 79
212 575 259 636 De
272 575 356 634 tertio
369 575 496 652 decalogi
509 589 660 654 praecepto,
751 617 759 633 .
841 617 849 636 .
931 619 940 636 .
1023 579 1086 635 370

149 661 192 720 80
212 657 259 718 De
273 657 368 716 debito
382 657 460 715 cultu
474 657 581 714 dierum
597 677 747 727 sacrorum,
839 698 847 714 .
931 661 960 716 .'
1024 661 1086 718 373

112 793 116 801 ,
150 747 185 802 81
210 739 257 800 Dc
270 739 401 816 operibus
411 737 558 815 prohibitis
572 739 670 796 diebus
685 737 844 797 Dominicis
858 751 887 798 at
900 740 992 812 lestis,
1024 741 1085 798 374

148 827 188 882 87
210 821 256 880 Da
270 821 405 895 gravitata
419 820 543 878 materiae
556 839 608 898 pro
622 820 715 878 labore
729 819 833 891 servili,
930 864 938 882 .
1022 825 1084 880 378

148 909 188 963 83
209 903 256 962 De
271 901 361 960 causis
375 902 574 959 excusantibus
588 919 673 980 opera
686 899 806 972 servilis,
928 944 936 962 .
1022 905 1085 962 379

148 988 188 1044 84
208 983 255 1042 De
269 983 353 1041 titulo
363 981 475 1059 pietatis
489 995 649 1052 excusante,
836 1023 844 1041 .
927 1024 935 1040 .
1023 987 1084 1043 383

148 1069 187 1127 85
208 1065 256 1124 De
269 1077 386 1144 peccato
400 1065 512 1122 mortali
526 1065 572 1122 dic
586 1065 659 1122 festo
673 1063 832 1133 commisso,
928 1105 936 1123 .
1020 1067 1083 1124 383

147 1152 186 1206 86
208 1147 255 1206 Da
269 1145 376 1204 malitia
388 1145 520 1204 distincta
534 1147 569 1202 ob
584 1145 820 1204 circumstantiam
830 1145 903 1216 festi,
1021 1149 1081 1205 384

147 1231 186 1287 87
207 1227 254 1288 Do
269 1239 367 1304 quarto
381 1227 508 1303 decalogi
520 1239 671 1304 praeopto,
725 1271 727 1278 .
835 1268 844 1286 .
924 1267 933 1284 .
1020 1231 1081 1287 385

146 1313 186 1369 88
207 1309 255 1368 De
269 1308 429 1366 obedientia
444 1307 605 1385 parentibus
620 1307 723 1378 debita,
927 1351 935 1366 .
1020 1313 1081 1368 387

147 1393 186 1450 88
207 1389 254 1450 De
268 1389 358 1448 titulis
372 1387 525 1448 honorandi
539 1401 678 1467 parentes,
837 1431 845 1447 .
926 1431 934 1449 .
1021 1394 1080 1450 388

146 1475 187 1533 80
206 1472 264 1538 Qui
278 1471 390 1528 uomina
401 1484 545 1548 pareutum
561 1471 761 1548 intelliguntur,
925 1513 934 1530 .
1019 1475 1080 1531 389

145 1555 182 1612 91
205 1553 252 1612 De
266 1552 449 1630 promissione
463 1552 554 1629 quarti
568 1552 711 1630 praecepti,
835 1592 843 1609 .
924 1596 932 1612 .
1020 1558 1076 1614 391

133 1637 184 1701 92
205 1635 251 1694 Dc
268 1634 375 1712 quinto,
383 1646 480 1703 sexto,
495 1647 524 1693 et
537 1633 657 1710 septimo
671 1633 799 1709 decalogi
812 1645 963 1711 precepto,
1021 1639 1080 1696 393

140 1719 179 1774 93
203 1715 251 1775 De
265 1727 373 1783 octavo,
390 1735 474 1785 nouo,
488 1728 518 1774 et
532 1715 643 1774 decimo
656 1715 784 1792 decalogi
798 1729 947 1794 pracepto,
1019 1721 1079 1776 394

141 1799 181 1856 94
202 1797 249 1855 De
264 1797 328 1872 lege
340 1815 421 1864 nova,
1020 1801 1078 1856 335

141 1881 181 1938 95
202 1879 250 1938 De
264 1878 421 1936 differentia
433 1877 506 1935 inter
519 1877 611 1954 legem
626 1889 748 1936 veterem
764 1890 793 1935 ct
806 1896 916 1944 noram,
1020 1883 1076 1938 396

140 1963 180 2020 96
202 1960 249 2020 De
263 1971 391 2038 tempore
406 1959 583 2055 obligationis
597 1959 668 2038 lagia
688 1977 777 2029 novae,
798 1970 828 2016 et
842 1960 878 2017 de
892 1979 952 2018 ces·

262 2043 369 2102 satione
382 2041 453 2118 legis
467 2041 578 2110 veteris,
624 2103 628 2112 ,
745 2083 752 2097 .
835 2082 843 2098 .

141 2125 180 2182 97
201 2123 248 2184 De
262 2137 399 2203 tempore,
420 2143 476 2200 quo
500 2123 656 2181 observatio
677 2121 748 2198 legis
762 2118 864 2180 veteris
878 2083 952 2182 iscla

261 2205 479 2322 lnitrnortiiera‚
651 2245 659 2261 .
741 2245 750 2261 .
832 2245 839 2260 .
923 2247 931 2262 .

481 2365 540 2431 DE
561 2363 734 2426 GRATIA.

165 2533 178 2590 l
201 2531 249 2590 De
263 2529 423 2588 definitione
437 2529 543 2605 gratim,

161 2615 181 2671 8
200 2613 247 2672 De
262 2611 397 2669 divisione
412 2611 507 2687 gratiae
522 2621 629 2687 gratum
644 2610 780 2679 facientis,

71 2714 74 2721 ·
161 2698 179 2752 3
202 2695 248 2752 De
263 2692 384 2752 essentia
402 2691 500 2768 gratim
512 2691 661 2749 habitualis
675 2704 703 2749 et
717 2689 842 2760 actualis,

161 2785 182 2840 4
202 2777 249 2834 De
263 2774 429 2834 necessitate
443 2774 537 2848 grutiae
552 2774 588 2830 ad
602 2791 672 2851 opus
693 2773 822 2839 salutare,
920 2814 927 2828 .

160 2863 180 2917 5
203 2861 252 2916 An
266 2856 355 2933 gratia
368 2855 405 2912 sit
418 2855 574 2912 necessaria
587 2855 622 2911 nd
636 2873 721 2931 opera
736 2853 877 2912 moraliter
886 2856 969 2924 bons,
1053 2861 1069 2880 ”

161 2944 180 2999 8
202 2941 249 2998 De
263 2937 433 2996 necessitate
443 2937 540 3012 gratiae
554 2936 590 2993 ad
604 2935 776 3012 diligendum
791 2935 896 3005 Deum,

162 3025 180 3080 7
202 3021 249 3080 De
263 3019 428 3076 necessitate
442 3019 539 3094 gratiae
553 3018 589 3074 ad
603 3018 826 3093 cognoscendum
842 3037 948 3088 verum,

262 3101 339 3159 etad
353 3100 522 3177 implendam
537 3099 638 3180 legem,
737 3140 747 3168 .,
828 3140 835 3155 .
918 3140 925 3155 .

16 3175 159 3310 q
162 3187 183 3244 8
204 3183 253 3241 De
266 3181 450 3260 possibilitate
463 3193 666 3258 praeccptorum
681 3179 748 3247 Dei,
832 3221 840 3236 .
920 3222 928 3238 .

146 3265 182 3388 78
204 3267 250 3324 De
274 3283 318 3321 uo
321 3264 440 3321 tensitate
462 3263 558 3338 gratiae
580 3263 616 3320 ad
636 3261 836 3338 resurgendum
853 3281 948 3339 apec-

148 3327 178 3388 '¹'
264 3346 333 3404 catis
347 3357 376 3401 et
389 3345 538 3403 vincendas
552 3343 728 3412 tentationes,

147 3411 183 3492 lo
203 3429 251 3485 De
261 3427 426 3484 necessitate
436 3439 532 3502 gratiae
542 3427 577 3483 ad
587 3426 698 3484 vitanda
705 3435 822 3502 peccata
831 3386 968 3497 mortalia,

144 3497 181 3570 ll
204 3509 250 3566 De
265 3507 352 3582 gratia
365 3509 400 3574 nd
411 3508 524 3565 vitanda
538 3505 664 3577 venialia,

146 3575 183 3650 l2
204 3590 251 3646 De
265 3589 476 3662 perseverantia,

147 3657 184 3728 3
205 3670 251 3725 Da
266 3669 354 3724 causis
368 3671 473 3742 gratiae,

174 3749 186 3807 l
205 3750 252 3806 De
269 3750 460 3824 preparatione
473 3751 508 3810 ad
522 3751 637 3828 gratiam
652 3771 703 3828 per
712 3751 784 3810 vires
797 3764 914 3815 naturae,
1034 3755 1066 3812 il.

205 3829 252 3886 De
265 3829 421 3889 axiomata:
444 3833 606 3910 facientiq
606 3835 697 3891 nod'
685 3853 718 3890 m
740 3853 769 3890 ec
788 3847 836 3899 eat,
864 3833 949 3891 Deus

264 3926 321 3962 ιιοιι
267 3909 454 4012 ἡ’.ἀιξιιεςμιι
463 3852 606 3988 qratiamq
620 3915 671 3974 sed
689 3911 906 3988 ityallibilitcr'
893 3934 947 3974 tm·
