2226 4064
309 135 351 186 nn
373 137 517 188 masura
537 141 751 190 osesrcnms.
917 127 974 190 221

79 281 134 344 VI.
150 281 188 346 R.
206 282 252 346 1⁰.
263 276 464 364 Unusquisque
477 290 506 349 iu
520 300 646 348 extrema
659 287 826 348 necessitate
839 278 977 365 spirituali

36 367 165 442 proximi
185 379 297 429 tene-tur
320 389 357 428 ex
380 368 514 430 charitate
536 370 564 430 ei
585 389 748 430 succurrere
770 389 835 428 cum
859 371 978 448 proprias

36 448 108 506 vitae
123 449 259 526 periculo,
274 447 429 508 secundum
443 451 473 510 id
489 453 515 510 l.
528 451 645 510 Joannia
660 472 721 528 cap.
736 453 765 510 3.
779 450 816 508 V.
843 453 888 512 16.
911 459 928 498 ‘l
939 453 977 510 Et

37 535 55 564 “
70 549 126 588 nos
140 531 275 592 debemus
288 552 339 608 pro
352 533 602 592 iratribus'auimas
615 533 746 610 ponere.”

78 612 163 672 Hinc
177 613 366 689 unnsquisque
379 625 490 672 tenetur
503 635 567 674 cum
582 615 777 692 periculosum
786 616 852 676 vite
864 634 977 676 succur-
1077 675 1082 696 ι

34 710 101 752 rere
117 693 218 752 infanti
231 695 291 753 sine
305 695 444 772 baptismo
457 697 602 755 morituro.

79 775 159 838 cum
168 777 267 854 eodem
275 777 401 853 periculo
409 777 526 860 quisque
534 789 654 846 tenetur,
664 775 688 834 si
696 777 767 836 sciat
775 777 902 836 adultum
914 798 976 836 esee

34 857 63 913 in
79 870 203 934 peccato
217 858 336 925 mortali,
350 859 421 918 etin
436 859 579 928 ebrietate,
593 877 701 928 somno,
712 860 757 918 vel
771 858 840 918 nihil
851 859 975 938 cogitan-

35 952 108 1008 tem,
123 959 187 998 esse
201 939 395 1009 occidendum,
405 952 454 998 aut
468 941 549 1000 aliter
558 941 734 998 moriturum.

78 1020 186 1078 Notari
199 1033 293 1081 tamen
306 1021 400 1090 debet,
423 1023 496 1097 quod
520 1023 618 1082 adesse
640 1024 741 1082 debeat
764 1042 828 1100 spes
848 1022 976 1080 fructus:

35 1102 106 1160 item
122 1103 202 1179 quod
214 1102 374 1171 necessitas,
389 1123 452 1178 quae
466 1104 554 1162 oritur
567 1116 597 1162 et
611 1116 770 1180 perseverat
784 1124 820 1162 ex
834 1123 904 1179 pura
918 1125 976 1162 ma-

35 1183 107 1252 litia,
122 1204 183 1242 non
197 1184 234 1242 sit
247 1198 380 1252 extrema,
391 1196 424 1244 ut
437 1185 576 1244 ordinarie
589 1186 726 1263 contingit
734 1185 762 1244 in
777 1185 975 1258 ‹luellantibus³

35 1263 178 1342 injustum
192 1263 296 1324 bellum
311 1267 535 1342 suscipientibus,
550 1269 603 1326 &c

78 1346 155 1405 Vll.
167 1347 205 1406 R.
220 1349 263 1408 2ο.
277 1347 313 1406 ln
325 1348 402 1423 gravi
415 1349 582 1408 necessitate
596 1347 741 1426 spirituali,
763 1368 820 1406 non
843 1361 976 1419 extrema,

36 1428 153 1486 licitum
166 1441 210 1488 est
224 1449 385 1488 succurrere
398 1431 527 1506 proximo
541 1451 606 1488 cnm
630 1429 756 1506 periculo
777 1431 852 1499 vitae,
873 1445 906 1488 nt
930 1431 976 1489 hic

37 1511 125 1570 docet
141 1510 172 1570 S.
186 1509 288 1570 Thom.
301 1511 337 1568 ad
352 1513 380 1568 3.
393 1511 429 1570 ad
443 1509 497 1570 hoc
510 1523 603 1572 umen
618 1531 674 1568 non
688 1523 825 1580 tenemur,
840 1513 894 1572 nisi
907 1513 979 1570 obli-

36 1611 142 1666 gemur
155 1612 191 1652 ex
205 1591 307 1662 officio,
333 1591 379 1650 vel
400 1592 438 1650 sit
458 1594 610 1652 necessitas
634 1593 765 1670 publica3
785 1594 876 1668 gravis
900 1593 975 1652 enirn

38 1671 160 1750 alicujus
174 1673 383 1736 communitatis
395 1674 548 1732 necessitas
562 1695 671 1750 semper
685 1674 835 1752 conjuncta
849 1687 892 1734 est
912 1695 977 1733 cum

38 1755 228 1829 quorumdam
242 1754 412 1831 privatorum
427 1757 592 1814 necessitate
607 1767 742 1814 extrema.

80 1835 274 1913 Dispendium
284 1835 395 1895 interim
407 1837 520 1912 aliquod
532 1839 666 1896 bonorum
678 1837 883 1914 temporalium,
894 1839 978 1898 famae

38 1916 84 1974 vel
99 1915 216 1976 honoris
230 1931 344 1995 propter
358 1917 429 1976 hanc
442 1919 637 1976 necessitatem
652 1920 829 1976 subeundum
846 1918 927 1977 foret.

11 2061 12 2068 ,
78 1999 215 2068 Iniertur,
231 1999 343 2075 quodsi
357 2000 420 2074 quis
434 1997 561 2058 haeresim
575 2013 687 2076 spargat
695 2000 733 2066 in·
742 2001 862 2076 plebem,
878 2015 907 2060 et
921 2021 977 2066 non

39 2082 84 2150 sit,
111 2080 162 2156 qui
185 2079 320 2157 impediat
343 2094 445 2157 proeter
467 2094 504 2152 te,
529 2083 649 2140 tenearis
673 2102 737 2142 cum
765 2082 891 2159 periculo
912 2083 977 2142 vitae

40 2162 188 2238 impedire,
203 2162 227 2218 si
240 2163 338 2238 possis.

79 2243 157 2302 ltem
169 2245 248 2320 quod
263 2243 392 2302 Pastores
405 2255 554 2302 teneantur
577 2263 642 2302 cum
664 2243 789 2320 periculo
813 2244 887 2314 vite,
909 2244 979 2322 putri

42 2337 171 2402 tempore
186 2325 282 2402 pestis,
288 2324 582 2402 parochiarisinfectis
591 2323 783 2387 administrare
799 2325 978 2386 Sacramenta

43 2406 232 2475 Paenitentiae,
248 2405 442 2475 Eucharistiae,
457 2407 509 2464 &a

82 2487 122 2548 R.
136 2488 184 2544 3⁰.
199 2489 332 2546 Proximo
346 2488 375 2546 iu
395 2490 537 2546 communi
561 2487 727 2546 necessitate
751 2486 888 2564 spirituali
912 2509 979 2548 oon·

43 2569 144 2628 stituto
159 2590 214 2628 non
229 2582 357 2628 tenemur
370 2589 531 2627 succurrere
545 2589 608 2628 cum
623 2569 748 2647 periculo
762 2569 838 2640 vitae,
847 2589 900 2630 nec
914 2590 978 2632 cum

44 2650 121 2727 gravi
136 2651 273 2708 bonorum
289 2649 482 2727 temporalium
498 2651 662 2727 dispendio:
676 2651 747 2708 ratio
761 2664 814 2720 cst,
825 2653 900 2727 quod
915 2653 980 2710 talis

45 2732 198 2790 necessitas
212 2752 268 2790 non
282 2732 319 2790 sit
332 2731 483 2790 necessitas
497 2731 661 2809 simpliciter
675 2731 759 2801 dicta,
774 2729 839 2790 crim
853 2733 979 2810 pluribus

46 2813 137 2872 modis
162 2813 244 2872 vitari
265 2813 362 2891 possit.
404 2812 546 2870 Tenemur
569 2826 673 2884 temen,
695 2813 720 2872 si
747 2830 895 2890 pessumus
919 2815 980 2872 sine

47 2895 159 2966 clamne,
175 2895 219 2953 vel
233 2915 296 2953 cunr
312 2893 432 2970 exign03
453 2900 470 2928 “
482 2894 557 2958 Quia
571 2895 651 2954 Deus
665 2895 807 2952 mandavit
829 2895 981 2972 unicuique

48 2983 64 3008 ⁸¹
79 2976 115 3035 dc
129 2977 258 3054 proximo
272 2975 349 3044 suo,”
365 2974 528 3034 Ecclesiast.
542 2996 603 3053 cap.
621 2977 666 3034 17.
690 2975 726 3034 V.
755 2977 801 3032 12.
819 2977 893 3034 unde
917 2997 980 3054 pas-

48 3070 131 3126 tores,
146 3059 198 3116 &c.
212 3056 261 3134 qui
281 3067 411 3118 tenentur
433 3077 469 3117 ex
492 3057 584 3116 officio
608 3058 644 3116 ed
666 3057 771 3133 aliquid
784 3057 865 3133 plus,
890 3061 981 3116 teneri

49 3138 131 3198 etiam
146 3139 177 3196 in
191 3139 332 3197 communi
346 3137 522 3208 necessitate,
538 3150 650 3196 estnon
665 3139 859 3196 dubitandum.

88 3219 218 3280 Observa
231 3220 341 3289 iterum,
353 3219 428 3296 quod
441 3219 470 3276 in
484 3220 627 3296 praedictis
636 3219 810 3295 subintelligi
822 3220 924 3280 debeat
935 3225 982 3284 asi

50 3300 121 3358 adsit
135 3321 200 3380 spes
214 3301 323 3362 noctiis
336 3315 366 3360 et
379 3300 404 3358 si
417 3299 488 3360 alius
509 3301 597 3378 magis
621 3301 759 3378 obligatus
780 3301 820 3362 id.
833 3321 890 3364 uon
909 3323 983 3380 prs-

51 3381 161 3442 simut.

54 3545 89 3604 N.
105 3545 172 3603 189.
214 3543 274 3603 AN
294 3543 451 3606 LICEAT
470 3543 609 3604 VITAM
624 3542 743 3606 SUAM
755 3544 985 3608 EXPONERE

90 3625 301 3686 PERICULO
324 3627 486 3686 MORTIS
510 3625 593 3686 PRO
615 3625 715 3685 VITA
737 3621 943 3689 PROXIMI?

72 3748 95 3808 1.
122 3747 303 3826 Qrmndoque
317 3748 382 3807 licet
394 3751 484 3808 ortam
497 3767 580 3810 suum
594 3761 731 3826 exponere
744 3767 803 3826 pro
813 3751 951 3829 ¹,ororn'mc

92 3869 269 3959 CERTUM
296 3883 348 3946 est,
375 3871 451 3950 quod
474 3869 567 4004 liceat,
591 3869 650 3934 imo
678 3867 828 3948 aliqnando
854 3883 931 3950 oport
