2226 4064
164 77 222 136 eta
493 59 703 140 rancrnros'

163 241 220 310 illa,
245 240 322 318 prius
346 259 377 298 re
399 240 521 318 cognita,
546 241 673 300 discussa
699 251 729 300 et
756 240 872 318 probate
898 241 992 301 inerit.
1034 239 1094 300 Rex

162 336 257 381 autern
267 321 315 400 jus
329 322 400 382 illud
421 329 440 358 ‘⁶
450 321 620 400 placitandi'
635 321 719 381 babet
733 341 770 380 ex
794 324 980 382 conventione
996 319 1093 398 saltem

163 404 249 462 tacita
257 423 322 461 cum
332 404 468 462 Pontibce
477 404 782 462 anteucomuetudine
791 404 915 481 legitime
925 404 1094 482 praescripta,

163 498 195 542 ut
209 497 401 561 cognoscatur,
416 506 452 544 an
465 486 598 562 rescripte
611 486 661 544 ille
675 505 732 544 non
754 486 811 544 sint
830 487 1027 544 fraudulenter
1050 487 1094 544 ob·

162 579 250 635 tenta,
260 587 297 624 au
310 579 464 643 oongmnnt
477 568 602 625 moribus
615 567 722 643 patrim,
744 568 796 626 luc.
810 579 840 626 ct
853 568 913 631 sine
934 566 1095 646 hujusmodi

162 649 268 724 placito
280 649 415 727 rescripta
427 649 477 707 illa
496 669 552 706 non
576 649 732 708 sortiuntur
752 648 894 719 effectum,
918 669 969 708 seu
992 647 1095 706 nnllins

163 741 229 787 sunt
242 729 360 787 roboris.

203 811 243 868 ll.
265 811 404 870 Placitum
427 811 521 869 differt
541 809 558 868 a
579 811 694 870 “Visa''
718 831 769 870 een
791 812 965 888 inspectione
989 809 1095 878 Bulle3

162 891 228 968 quia
248 893 384 970 placitum
409 905 452 950 est
479 893 559 968 qnasi
582 893 767 952 Confirmatio
786 893 897 952 Bnllae:
918 893 978 951 visa
1004 905 1094 950 mrtem

161 974 267 1032 nnllam
282 975 335 1050 ipsi
349 974 442 1032 Bullae
464 975 562 1032 tribuit
575 973 783 1046 authoritatem,
805 975 856 1032 sed
870 994 976 1033 meram
998 972 1095 1049 ingerit

162 1055 311 1114 notitiam:
332 1055 372 1113 ita
392 1055 578 1132 inspiciuntur
598 1055 770 1132 Legatorum
792 1057 882 1114 litare
902 1053 1094 1123 credentisles‚

161 1137 365 1194 transeuntium
380 1137 449 1194 salvi
462 1139 627 1204 conductus,
650 1138 703 1196 etsi
728 1139 908 1216 inspicientes
929 1135 1040 1196 nnllam
1063 1137 1095 1194 cle

161 1217 273 1294 scriptis
286 1217 347 1275 istis
362 1219 573 1295 dispositionem
586 1217 716 1278 babeant

202 1301 252 1358 Ad
265 1299 361 1375 quales
373 1300 588 1359 constitutiones
597 1291 645 1358 'vel
656 1300 790 1378 rescripte
803 1299 833 1356 in
847 1299 947 1376 Belgio
960 1299 1094 1378 placitum

162 1381 333 1456 requiritur?
477 1393 480 1402 ‘

202 1463 258 1520 111.
273 1463 309 1520 R.
324 1463 489 1538 Requiritur
509 1463 581 1521 illud
595 1462 752 1522 secundnm
773 1480 855 1520 nsum
880 1472 1030 1539 receptum
1048 1479 1094 1538 pro

47 1601 64 1618 ἢ
160 1543 303 1621 rescriptis
317 1545 472 1602 Pontificiis
487 1545 562 1604 circa
575 1544 750 1622 provisiones
762 1544 940 1604 beneficiales
952 1564 960 1601 r
984 1553 1016 1602 et
1040 1544 1093 1618 qui·

161 1627 225 1683 dem
237 1625 320 1702 juxta
334 1625 471 1702 Zypaeum
486 1626 535 1684 lib.
551 1630 578 1686 l.
600 1632 617 1660 “
628 1627 667 1684 de
678 1627 750 1686 Jnrs
762 1622 914 1685 Pontificio
937 1621 1033 1682 noro”
1054 1623 1092 1681 tit.

162 1709 190 1763 ·2.
205 1707 240 1764 de
254 1707 508 1779 constitutionibus,
523 1707 674 1784 requiritur
686 1709 723 1766 ed
736 1708 797 1766 sola
809 1705 996 1777 beneficialis,
1011 1725 1092 1782 eaque

162 1788 277 1864 privans
294 1789 369 1848 dcto.

164 1909 167 1914 -
203 1870 342 1928 Daelman
356 1882 387 1927 et
399 1870 511 1946 quidam
526 1869 574 1929 alii
585 1871 740 1930 extendunt
750 1870 786 1928 ad
797 1869 891 1928 omnia
901 1869 1057 1947 diplomah
1068 1879 1102 1926 et¹

162 1951 297 2028 rescripta
311 1951 470 2018 Pontificia,
485 1971 550 2027 que
558 1950 606 2028 jus
620 1971 724 2010 novum
738 1952 873 2020 condunt,
888 1971 914 2008 v.
927 1971 955 2027 g.
970 1963 1102 2008 stamen

162 2033 202 2089 tia
215 2033 320 2109 aliquid
335 2034 409 2092 circs
418 2031 657 2109 jurascpulturae,
673 2033 724 2091 duc.
741 2033 847 2091 Saltem
861 2045 981 2101 constat,
1004 2051 1093 2109 poenas

163 2115 304 2191 appositas
319 2135 374 2172 non
389 2115 514 2172 mandari
528 2114 688 2172 executioni
702 2133 753 2192 per
771 2113 920 2174 tribunalia
940 2113 1092 2182 saecularia

161 2196 187 2252 si
200 2195 334 2270 placitum
349 2199 407 2253 ison
419 2195 504 2258 luerit
518 2197 675 2254 obtentam.

203 2276 318 2334 Interim
333 2289 428 2335 tamen
441 2277 525 2335 etiam
547 2290 656 2335 certum
678 2288 731 2345 ost,
755 2277 791 2334 ds
813 2276 889 2334 iacto
911 2291 968 2332 non
994 2275 1092 2350 requiri

160 2358 295 2435 placitum
324 2358 447 2435 Regium
470 2378 522 2434 pro
545 2359 675 2416 omnibus
696 2357 837 2434 rescriptis
862 2356 1031 2424 Pontiliciis‚
1055 2358 1092 2412 uti

160 2440 273 2498 abundi
286 2452 363 2517 patet
377 2439 545 2516 quotidianis
559 2440 694 2516 exemplis
704 2440 733 2496 in
741 2437 997 2516 dispensationibus
1009 2438 1093 2514 impo-

160 2521 348 2579 dimentorum
363 2521 532 2579 matrimonii
545 2521 663 2596 aliisque
688 2520 806 2597 legibus,
830 2540 881 2598 pro
905 2513 1009 2596 quibus
1024 2539 1090 2576 nun·

161 2621 245 2677 quarn
260 2604 366 2679 petitur
379 2603 524 2679 placitum.

200 2684 251 2740 An
264 2684 413 2760 requiritur
426 2684 561 2761 placitum
575 2703 628 2760 pro
642 2682 732 2740 Bullia
752 2682 941 2759 dogmaticis?

201 2765 254 2822 tv,
270 2766 307 2823 R.
321 2765 383 2824 Vsu
409 2765 504 2842 Espen
526 2778 555 2823 et
578 2764 682 2840 passim
702 2765 881 2832 Jansenistae,
902 2783 936 2822 ac
958 2764 1093 2829 Quesnel·

160 2847 235 2906 listae
262 2847 443 2906 commentati
467 2861 542 2914 anot,
565 2846 662 2904 Bullas
687 2846 770 2905 etiam
797 2846 970 2921 dogmaticas
994 2847 1092 2916 debere

161 2928 271 2986 Placito
286 2929 423 3006 Principis
438 2928 547 2996 muniri,
562 2941 709 3003 antequam
725 2927 862 3006 publicari
876 2927 994 3003 possint,
1015 2941 1048 2984 nt
1061 2945 1092 2984 ee

160 3023 302 3085 praetextu
315 3009 430 3088 rejicere
444 3022 558 3086 possent
572 3029 669 3067 omnes
685 3009 781 3066 bullas
805 3009 970 3090 pontificias,
995 3008 1092 3084 quibus

161 3111 258 3149 eorum
273 3112 380 3150 errores
394 3091 612 3169 proscribuntur.

203 3175 310 3233 Contra
332 3173 396 3230 illos
418 3185 525 3230 certum
550 3183 604 3244 est,
630 3170 728 3228 Bullas
749 3171 923 3246 dogmaticas
948 3167 1093 3230 Pontificis

161 3257 235 3314 circo
248 3256 333 3312 iidem
347 3267 376 3312 et
390 3273 491 3320 mores,
516 3266 565 3312 aut
589 3253 761 3330 explicantes
777 3252 827 3330 jus
848 3253 1005 3328 antiquum,
1026 3249 1091 3329 poti

159 3336 287 3394 naturale
312 3336 355 3394 rel
380 3335 515 3405 divisum,
537 3348 587 3394 aut
607 3333 761 3394 humanum
789 3346 854 3394 ante
875 3333 1090 3412 promulgatum,

159 3418 264 3495 placito
274 3438 332 3475 nors
345 3418 479 3494 indigere.

202 3499 238 3556 V.
266 3500 405 3558 Probatur
425 3498 443 3556 ia
469 3497 596 3556 natione:
616 3508 741 3574 potestas
764 3496 916 3574 spiritualis
940 3495 958 3555 d
980 3495 1090 3557 Christo

161 3581 300 3638 Ecclesiae
308 3599 441 3639 concessa
451 3592 494 3638 est
505 3579 817 3656 omninoiudependens
826 3577 843 3636 si
852 3591 991 3654 potestate
1000 3578 1090 3637 cirili:

160 3681 228 3735 ergo
241 3679 284 3728 ea,
298 3679 361 3736 quae
374 3673 545 3719 concernunt
559 3661 644 3718 fidem
658 3673 687 3717 et
701 3679 801 3725 mores,
826 3679 882 3716 non
904 3671 1021 3736 possunt
1042 3660 1089 3716 da·

162 3742 286 3816 pendere
298 3743 335 3798 ob
347 3742 406 3799 ello
419 3742 533 3817 placito,
546 3739 620 3799 sient
641 3757 694 3800 nec
717 3741 851 3816 obligatio
873 3742 971 3799 eadem
992 3759 1089 3816 accep·

159 3822 247 3894 aad,
258 3834 346 3900 prout
359 3823 492 3898 obligatio
506 3835 713 3901 praceptorum
727 3822 787 3884 Dei
799 3839 855 3886 noa
868 3835 963 3901 potest
987 3821 1088 3900 dapen-
