2224 4050
371 153 415 196 ns
434 151 639 198 vrnrnrrnus.
928 133 971 194 tr

39 299 130 361 anima
143 296 235 359 inerit
246 296 380 377 sejrmctu,¹
393 299 443 357 sed
457 291 590 358 meuserit
603 317 666 356 cum
680 297 724 364 iis,
732 297 736 304 '
745 296 813 358 lieet
825 297 970 376 separetis,

38 379 217 460 hypostatici
229 381 333 440 unione
357 379 515 458 conjunctu.
555 381 629 438 Vide
644 380 676 438 S.
688 379 742 437 Th.
764 381 792 438 3.
816 399 845 459 p.
869 401 896 458 q.
919 381 970 438 to.

37 483 62 524 a.
75 465 103 521 2

75 545 113 602 V.
129 543 261 603 Tandem
276 542 380 602 dicitnr
393 547 414 578 “
422 555 451 602 et
464 540 619 621 sepultus,’'
631 561 687 619 quo
701 543 857 614 denotatur,
868 561 969 622 eorpus

38 625 147 686 Christi
156 626 285 702 positum
294 625 381 684 inisse
391 625 420 683 in
430 623 578 702 sepulchre
586 623 739 682 materiali:
753 623 865 682 additur
874 639 970 684 eutem

36 707 114 777 iilud,
126 720 162 766 ut
170 709 379 765 demonstretur
390 705 535 766 Christum
547 708 612 764 vere
625 705 711 764 fuisse
725 719 876 778 mortuum,
891 709 969 765 rere·

36 808 89 867 que
102 787 122 846 t
135 789 258 846 mortuis
271 788 465 847 resurrexisse.

73 870 174 934 Quare
190 869 329 938 Christos,
344 867 410 927 crim
424 880 499 927 esset
511 868 653 938 innocens,
674 867 765 940 voluit
777 879 855 928 tants
867 868 948 946 poti?

74 950 131 1009 VI.
153 950 260 1010 Multis
280 951 317 1010 de
330 949 441 1008 causis:
465 952 500 1007 10
502 961 556 1008 .ιιι
569 949 700 1027 Deopro
720 951 843 1027 peccetis
866 949 969 1009 uetuit

34 1032 283 1091 sotisinceretnon
295 1028 405 1090 tentdm
430 1051 481 1109 per
501 1031 615 1089 modum
639 1031 802 1090 sufficientis
826 1031 919 1090 meriti
939 1043 970 1090 et

33 1113 117 1191 pretii
151 1112 354 1184 “intensire;”
382 1114 433 1171 sed
456 1112 579 1171 etism‘
583 1112 761 1220 ‘estensivt”
782 1133 835 1192 per
842 1110 971 1172 modum

35 1194 191 1254 Passionis.
987 1263 989 1270 Ι

72 1278 123 1336 20.
142 1277 187 1336 Ut
201 1276 352 1334 maximam
366 1294 445 1380 suem
459 1293 526 1352 erga
538 1294 626 1352 genus
640 1273 791 1334 homonum
805 1274 973 1335 neminem

32 1358 253 1417 demonstraret.
362 1389 364 1396 ·

69 1441 122 1498 30
145 1438 192 1501 Ut
214 1436 345 1514 exemplo
368 1457 420 1496 suo
440 1457 493 1496 nos
515 1436 641 1497 alliceret
663 1449 693 1497 et
717 1439 832 1498 doceret
850 1439 971 1496 virtutes

32 1518 189 1593 narinus,
210 1519 374 1598 patientie,
371 1519 608 1590 mensuetudinis,
622 1519 790 1579 obedientie
804 1533 834 1580 et
855 1518 970 1579 humili·

32 1603 107 1660 tutin

71 1683 144 1742 VII.
168 1679 320 1740 Moraliter
341 1639 587 1758 docemur,un
610 1681 646 1740 nd
673 1683 834 1761 exemplum
862 1682 970 1744 Christi

32 1765 158 1824 Crucem
179 1763 258 1822 ferre
272 1763 424 1822 debeamus
437 1761 592 1822 secuudtim
615 1763 687 1822 iliud
707 1763 812 1823 Matth.
836 1783 897 1860 cup.
921 1767 968 1824 16.

32 1846 68 1904 V.
82 1848 166 1904 23*
169 1845 225 1904 ‘Si
238 1844 302 1921 quis
315 1845 377 1904 ruit
389 1857 456 1924 post
467 1863 513 1902 me
527 1844 631 1926 venire,
641 1846 762 1922 abneget
775 1847 967 1924 semetipsum,

31 1934 49 1964 ‘⁸
63 1941 94 1986 et
107 1926 200 1986 tollat
223 1945 336 1985 erucem
356 1946 434 1985 suum
457 1937 488 1984 et
500 1939 634 2002 sequetur
653 1946 698 1986 me
710 1927 735 1985 :⁸⁹
755 1928 830 2004 quod
853 1945 910 1986 non
931 1929 968 1986 de

32 2010 127 2070 Cruce
137 2007 291 2078 materiali,
299 2008 482 2067 sediusensu·
490 2006 680 2085 metaphorice
688 2009 967 2081 detribulutiouibus,

31 2089 247 2159 afflictionibus,
261 2089 471 2159 tentationibus,
486 2089 539 2147 &u
554 2101 597 2148 est
611 2089 832 2167 intelligendum.

71 2171 229 2236 Articuius
242 2169 289 2229 hic
302 2171 451 2228 similiter
443 2170 544 2246 ingerit
553 2169 651 2248 jugem
665 2170 701 2228 de
716 2172 849 2231 Pussioue
863 2169 969 2234 Christi

31 2253 261 2320 meditationem,
289 2253 344 2328 que
370 2251 527 2310 excitemur
552 2252 588 2310 ud
616 2250 787 2324 charitatem,
818 2253 970 2366 grutiirum

32 2335 186 2405 actionem,
203 2333 398 2404 imitationem,
411 2332 612 2410 peonitentiam,
627 2335 678 2392 &u

72 2496 111 2556 N.
139 2497 195 2554 30.
235 2494 294 2554 DE
315 2494 477 2560 QUINTO
499 2493 683 2555 SYMBOLI
704 2497 928 2558 ARTiCUDO.
955 2511 962 2523 ’

32 2660 58 2718 Ι.
76 2655 264 2736 Adinferut.
289 2655 346 2716 II.
373 2655 547 2797 Tnddtgie.
586 2657 643 2718 Ill.
663 2659 872 2727 Beretum
853 2681 873 2718 a
894 2679 968 2722 mor·

507 2757 533 2796 23
644 2775 648 2782 .

73 2903 185 2971 QUID
209 2901 381 2961 eredendum
402 2902 568 2979 proponitur
590 2902 621 2960 in
643 2902 733 2980 primu
755 2916 835 2982 purte
858 2905 969 2964 articuli

35 2986 140 3063 quinti:
164 2983 353 3042 “Descendit
365 2983 403 3041 ed
422 2983 568 3042 interos?”
1031 2977 1041 2988 ’

74 3068 109 3126 R„
130 3065 224 3130 Quod
238 3064 332 3124 enimn
345 3062 451 3126 Christi
473 3063 490 3122 i
504 3065 630 3142 Corpore
642 3077 770 3142 separata
789 3066 969 3127 ¹(inscenderit

35 3149 69 3208 ud
94 3148 195 3206 iocum
223 3145 387 3216 inferorum,
410 3145 504 3222 ibique
532 3146 639 3205 tnmdiu
666 3148 807 3220 meuserit,
835 3149 969 3225 quamdiu

36 3249 133 3308 corpus
147 3229 183 3285 in
195 3226 356 3304 sepulchro.

72 3312 120 3370 Ad
134 3329 226 3386 quem
242 3307 336 3367 locum
350 3308 502 3367 inferorum
515 3307 684 3368 descendit?

73 3393 109 3452 R.
133 3390 265 3450 Nomine
279 3390 433 3448 inferorum
458 3390 653 3467 intelliguntur
666 3389 761 3448 abditu
781 3357 967 3470 receptacula,

36 3474 64 3531 in
83 3474 190 3550 quibus
204 3469 370 3530 detinentur
392 3471 501 3542 nnimre,
516 3491 580 3548 quae
603 3471 744 3530 celestem
766 3473 969 3534 beatitudinem

38 3574 86 3614 non
105 3565 179 3613 sunt
203 3565 386 3612 consecute:
407 3551 469 3612 haec
491 3567 595 3624 eutem,
619 3565 653 3611 ut
676 3554 759 3612 docet
774 3554 968 3615 Cutechismus

40 3635 191 3706 Romunus,
206 3632 392 3694 antechristi
407 3595 650 3693 Resurrectionem
665 3634 718 3692 triu
731 3636 852 3706 inerunt,
866 3655 968 3716 nempe

40 3717 157 3777 iniemus
173 3717 380 3784 damnatorum,
394 3717 584 3793 purgatorium
596 3727 628 3774 et
640 3711 770 3784 linibuss
761 3735 790 3772 ιιι
801 3735 857 3792 quo
866 3719 967 3777 animun

8 3817 9 3822 ¹
38 3796 171 3874 justorum
185 3798 274 3876 plene
287 3807 413 3874 purgate
426 3811 491 3856 unte
506 3797 611 3858 Christi
624 3800 661 3854 ad
683 3815 731 3854 eos
744 3797 893 3856 adventurn
917 3817 966 3858 ex·

43 3880 222 3958 uniebatur.
250 3879 339 3946 Vide
354 3878 448 3945 Traet.
462 3885 481 3918 ‘⁴
491 3880 527 3939 ds
542 3880 670 3945 Quutnor
684 3875 875 3938 Novisrimir.''
