2188 4052
363 133 406 178 os
426 131 589 179 nocerem.
884 116 941 176 14²7

30 285 44 314 “
55 278 106 336 dari
119 279 317 356 posterioribus
327 277 353 350 ;”
364 278 444 356 atqui
458 280 535 356 quod
548 277 692 340 emendari
701 290 807 361 potest,
826 295 886 344 uon
900 289 944 338 est

27 361 175 420 infallibile:
195 381 272 440 ergo,
283 363 339 422 &a
629 396 633 413 .
706 370 711 380 “
922 404 925 410 -

59 443 91 500 R.
119 441 219 505 Plures
240 442 324 520 hujus
346 442 403 508 looi
430 441 490 503 dari
513 453 632 520 possunt
659 441 872 520 respondentes:
896 442 943 500 1⁹.

27 524 202 600 Augustinum
216 525 294 602 loqui
308 526 344 584 de
359 525 493 585 Consiliis
517 525 648 602 plenariis
672 524 702 582 in
716 524 867 596 moment,
882 535 942 582 mm

27 607 53 663 de
60 625 109 662 non
118 607 280 684 approbatis
289 606 371 683 quim
383 606 541 683 approbatis
552 630 560 676 ς
574 606 655 664 etsie
669 605 730 664 lieri
743 617 846 684 potest,
862 605 941 682 qudd

26 685 107 764 priora,
122 707 186 764 quae
198 705 256 749 non
276 701 355 754 erant
379 689 593 765 approbata,'·et
618 707 726 755 errores
750 688 941 758 continebant,

25 789 63 846 per
73 769 224 844 posteriora
237 772 390 848 approbata
403 770 595 835 emendentur.

55 852 96 906 2⁰.
114 849 146 910 S.
161 853 240 928 Aug.
253 871 310 910 non
326 853 437 910 ridetur
448 851 527 926 loqui
551 851 587 909 da
599 849 738 911 Consiliis
762 849 941 928 generulibua

25 931 124 1025 proprii,
138 934 190 990 sod
204 933 365 1028 improprii,
380 934 533 998 secundina
547 933 623 1008 quod
639 931 767 992 Concilio
789 931 942 992 nononalia

26 1017 136 1071 beentur
159 1016 310 1090 genemlra,
338 1015 480 1091 quomodo
502 1027 532 1074 et
560 1014 706 1092 Synodum
735 1014 942 1092 Hypatensem

25 1095 263 1172 tooatplenariam.

53 1179 89 1234 3⁰.
110 1176 141 1236 si
155 1178 193 1236 de
210 1177 344 1242 Coneiliis
357 1175 426 1244 vere,
438 1175 634 1236 OEoumenicis
644 1176 830 1254 intelligatur,
845 1178 941 1236 dioen-

26 1257 82 1326 dum,
93 1258 171 1333 qnbd
185 1259 217 1326 S.
232 1260 415 1336 Aug.soli1m
430 1259 507 1328 velit,
521 1261 615 1336 prlora
628 1259 772 1320 emendari
786 1279 869 1337 posse
889 1277 941 1336 per

25 1339 155 1416 posteriora
169 1340 199 1398 in
213 1342 291 1418 puris
312 1343 402 1411 foetis,
426 1354 458 1399 et
481 1341 511 1398 in
536 1341 580 1410 iis,
604 1361 668 1417 quaa
693 1341 730 1400 ad
754 1341 941 1419 disciplinam,

25 1422 193 1492 ceremonias,
204 1423 328 1499 aliusque
337 1423 555 1486 consuetudines
563 1422 778 1482 Ecclesiasticus
786 1423 943 1500 pertinent3

24 1502 79 1560 undo
91 1503 188 1562 subdit
201 1506 302 1564 eodem
317 1505 399 1565 loeo:
421 1511 439 1539 “
448 1505 526 1564 Cum
540 1504 635 1581 aliquo
646 1504 943 1582 experimentorerum

25 1581 538 1744 lsstssll‘tlltlltllltld
554 1585 942 1746 llffitll‘atlldt

92 1710 100 1734 t
282 1711 291 1737 t
495 1727 497 1729 -
531 1710 539 1737 t
932 1709 942 1745 p
1009 1709 1020 1732 ι

24 1747 57 1804 sed
68 1749 148 1805 verbo
162 1749 224 1808 Dei
237 1750 343 1826 scripto
358 1751 402 1808 vel
416 1751 521 1808 tradito
534 1762 699 1810 noscuntur.
929 1750 931 1756 ’

50 1827 167 1888 Tandem
184 1831 314 1891 Consilia
326 1832 484 1908 posteriora
497 1833 636 1912 quodem,
652 1832 683 1888 in
706 1830 847 1909 prioribus
868 1850 939 1889 non·

24 1909 148 1968 densatis
162 1912 290 1983 definita,
305 1913 405 1972 clariis
420 1913 575 1984 deliniunt,
598 1913 682 1972 etita
703 1913 798 1992 priora
812 1913 941 1974 Consilia

23 1992 204 2066 posterioribus
216 1995 307 2072 magis
320 1995 506 2056 elucidantur.

144 2155 186 2215 N.
202 2158 252 2220 90.
293 2156 351 2218 DE
374 2157 528 2221 SUMMO
551 2157 784 2220 PONTlFlCli.

22 2315 183 2378 istam
197 2317 337 2398 Patarea
381 2320 422 2378 11.
436 2319 494 2382 ro
512 2321 623 2382 maso
649 2323 781 2385 rosso
794 2330 821 2380 a
838 2292 938 2402 capo

322 2401 462 2462 Eooletiae
485 2403 605 2464 visibile.

49 2562 139 2626 QUID
153 2575 202 2624 est
218 2563 351 2625 Summus
365 2564 520 2628 Pontifex?

48 2643 66 2701 l.
83 2643 117 2702 R.
140 2645 198 2703 Est
223 2645 329 2706 Christi
353 2646 382 2704 in
404 2647 486 2706 terris
500 2647 642 2720 Vioarius,
667 2660 698 2712 et
711 2647 851 2711 Ecolesioe
873 2645 934 2726 ejas

23 2723 92 2801 Caput
103 2725 226 2786 risibile.

49 2806 164 2866 Christus
188 2809 217 2868 in
242 2807 324 2866 terris
348 2808 470 2870 instituit
484 2811 642 2871 Ecclesiam
658 2811 735 2870 Novi
750 2811 935 2883 Testamenti,

23 2905 60 2944 mn
78 2890 126 2947 sub
151 2890 261 2948 tutione
285 2890 428 2966 regiminis
444 2893 640 2952 Aristocratici
664 2894 710 2952 vel
730 2893 933 2964 Democratioi,

25 2970 111 3027 sedsnb
124 2972 236 3032 ratione
249 2969 392 3052 regiminis
410 2973 598 3044 bloomehiei,
620 2993 657 3034 ex
682 2994 716 3033 eo
735 2986 839 3045 tamen,
854 2975 932 3050 quod

26 3045 227 3112 indiistocratia
235 3053 372 3130 optimum
384 3067 436 3125 est,
448 3057 606 3132 temperati,
618 3068 650 3114 ut
660 3056 769 3120 dietum
780 3069 824 3116 est
835 3056 874 3114 N.
883 3058 932 3115 81.

51 3132 81 3192 ll.
99 3134 174 3194 cnm
201 3145 297 3193 antem
320 3137 496 3212 presentiam
525 3157 605 3210 mam
633 3137 773 3198 visibilem
801 3135 932 3202 Christus

28 3213 187 3274 ulimmerus
200 3228 277 3276 esset
290 3237 341 3293 per
354 3237 501 3279 ascensum
516 3219 545 3276 in
559 3219 671 3289 ooelum,
686 3218 832 3280 eonstituit
847 3219 931 3280 Vica-

28 3295 74 3354 tm
90 3317 171 3356 utum
187 3298 281 3376 Coput
295 3297 433 3360 Ecclesia
456 3301 574 3372 visibile,
596 3301 659 3378 ipso
683 3311 815 3362 mouente
829 3301 932 3380 Capite

30 3394 135 3452 supremo,
151 3379 295 3438 essentiali
307 3391 337 3438 et
351 3381 492 3440 invisibili.

53 3458 108 3522 Quis
121 3472 151 3518 et
166 3479 251 3536 quare
266 3474 382 3520 rooatnr
396 3463 528 3522 Pontifex
544 3462 700 3526 Summus?

54 3538 81 3596 ll.
97 3541 229 3602 Pontifex
257 3541 421 3605 Romanus:
452 3565 509 3604 non
537 3547 645 3608 tantini
674 3545 740 3621 quia
766 3561 929 3623 supremum

33 3613 128 3680 bonorem
150 3635 181 3682 et
194 3623 359 3702 dignitatem
384 3626 493 3686 obtinet
507 3627 536 3689 in
552 3626 689 3696 Eoolesis,
711 3627 762 3686 sed
784 3626 929 3703 praeeipub

35 3697 72 3770 tria
90 3723 224 3764 mmmam
244 3716 278 3769 ¹et
291 3707 475 3768 universalem
500 3707 584 3768 habet
605 3705 811 3776 authoritatem,
834 3720 919 3783 poteo

36 3791 126 3919 “Effingit
142 3783 367 3862 juredictiones
382 3790 411 3849 iu
425 3807 522 3850 omues
543 3789 700 3868 Epimopes
713 3801 742 3850 et
765 3788 911 3848 universor

78 3884 164 3926 mam.
