2248 4070
147 119 207 180 306
518 139 711 184 rnacrnrus

189 283 386 349 QUAENAM
399 285 445 344 lex
461 283 564 343 dicitur
577 284 715 344 moralis?

174 366 215 424 ’1.’
236 367 274 425 R.
293 367 355 436 Illa,
376 367 405 424 in
429 387 484 442 qua
504 367 611 425 directo
633 365 799 444 exprimitur
821 366 938 424 directio
963 385 1084 435 morum,
1113 355 1114 398 1

148 467 206 506 nou
220 467 320 525 poena:
340 461 373 506 ut
386 447 448 506 hae:
463 455 481 483 “
492 449 588 506 Deum
603 449 696 517 adora,
707 449 772 506 Non
787 448 996 526 concupisces,”
1012 449 1066 506 &a
1113 439 1114 450 ¹

190 529 229 590 11.
252 530 376 588 Poenalis
391 541 442 597 est,
464 530 518 606 qui
534 531 639 588 directe
654 531 819 608 exprimitur
833 551 883 606 pro
897 544 1084 606 transgresso·

148 609 226 668 ribus
240 631 330 688 poena,
351 631 407 668 uon
422 611 539 670 directio
554 631 680 669 morum:
701 609 765 669 talia
780 625 824 669 est
838 611 898 669 haeo
914 611 1010 669 Exodi
1025 632 1085 688 cap.
1113 663 1114 672 ,

150 687 199 750 21.
213 693 250 751 V.
265 695 309 751 17.
351 699 369 727 ‘⁴
380 693 438 758 Qui
452 693 629 751 maledixerit
650 693 797 770 patrimo,
819 695 864 752 vel
879 694 971 763 matri,
994 707 1085 750 morte
1113 701 1114 712 ¹

150 773 340 833 “monimum'’
931 801 934 806 ·

190 855 247 914 Ill.
267 857 331 914 Lex
352 855 506 924 minimest,
528 857 585 932 qula
606 856 723 914 directio
746 876 854 914 mortam
876 856 1045 934 exprimitur
1058 867 1086 914 et

149 937 235 1003 simul
248 957 349 1016 poena:
370 937 432 996 haec
451 939 609 996 subdivitur·
623 938 651 994 in
666 937 780 996 mixtam
797 939 955 1016 copulative
970 951 1000 996 et
1015 938 1085 994 mix·

149 1029 206 1078 tam
220 1017 394 1096 disjunctive.

192 1101 287 1159 Mixto
308 1101 467 1180 copulative
489 1111 533 1158 est
557 1099 613 1169 illa,
635 1099 689 1176 qul
703 1099 822 1164 directio
835 1119 944 1158 morum
960 1113 990 1158 et
1003 1119 1087 1176 prena

149 1183 343 1262 exprimuntur
357 1183 524 1263 copulativa,
538 1197 570 1239 ut
581 1181 641 1240 haec
653 1181 773 1242 Genesis
785 1201 845 1260 cap.
861 1185 889 1240 ‘L
899 1203 926 1239 v.
940 1185 986 1240 17.
1008 1189 1027 1216 ‘¹
1040 1182 1086 1240 Da

150 1271 169 1299 “
184 1265 261 1342 ligno
283 1265 408 1323 scientim
431 1265 540 1322 boniet
555 1263 620 1321 mali
635 1284 670 1321 ne
691 1265 841 1322 comedas:
862 1265 891 1320 in
906 1283 1086 1340 quocumque

149 1349 169 1381 “
182 1347 258 1405 enim
271 1343 317 1404 die
332 1347 487 1405 comederis
501 1365 537 1404 ex
551 1366 594 1414 eo,
617 1357 706 1403 morte
720 1345 872 1402 morieris.”

189 1427 369 1506 Diajanctive
383 1429 470 1486 mixta
480 1439 523 1486 est
537 1427 594 1496 illa,
610 1426 639 1484 in
650 1447 705 1504 qua
715 1427 833 1485 directio
845 1447 951 1484 morum
964 1443 994 1484 et
1004 1446 1086 1503 poena

147 1510 343 1588 oxprImuntur
356 1509 540 1586 disjunctive:
561 1509 625 1566 talis
649 1523 693 1566 est
706 1509 762 1576 lex,
784 1529 847 1584 quae
872 1509 942 1566 dicit
963 1509 994 1565 in
1020 1527 1085 1584 qua·

148 1592 305 1668 dragesima
317 1592 513 1650 abstinendum
525 1611 586 1649 esse
601 1589 783 1659 alaeticiniis,
796 1592 840 1649 vel
855 1591 978 1648 dandum
994 1611 1085 1648 assem

149 1685 199 1732 aut
213 1674 357 1731 orandum.

152 1755 155 1761 ’
192 1755 242 1812 Au
256 1755 333 1832 leges
346 1755 469 1833 poenales
484 1755 608 1832 obligant
621 1754 650 1810 in
664 1753 858 1811 conscientia?

191 1837 244 1895 IV.
267 1837 304 1895 R.
325 1837 388 1896 Lex
402 1837 519 1914 poenalia
533 1833 692 1914 copulative
706 1836 794 1893 mixta
807 1834 913 1910 obligat
926 1835 962 1891 ad
977 1847 1085 1892 atrum-

149 1939 214 1996 que,
236 1919 332 1986 idest,
354 1929 383 1976 et
397 1920 433 1976 ad
446 1931 539 1976 actum
549 1917 691 1975 'moralem
706 1929 735 1974 et
749 1917 784 1982 ad
798 1936 907 1993 poenam
922 1915 977 1974 hoe
992 1937 1084 1984 sensu,

149 2001 226 2077 quod
240 2001 331 2078 primo
346 2011 478 2076 tanquam
490 2000 537 2058 lex
550 1997 663 2056 moralis
677 1997 782 2076 obliget
796 1999 831 2055 ad
846 2012 940 2056 sotum
949 1999 1022 2074 legis
1037 2018 1085 2074 po·

148 2083 291 2140 nandum:
311 2081 336 2139 si
346 2093 440 2140 autem
451 2081 574 2150 omittas,
588 2099 697 2158 peenas,
713 2093 742 2138 et
756 2080 869 2156 insuper
880 2080 1012 2156 obligaris
1025 2101 1086 2136 sus·

149 2165 240 2222 tinere
248 2183 343 2242 poenas
354 2184 361 2222 t
376 2161 431 2222 hoe
441 2165 526 2220 modo
540 2163 663 2238 obligant
674 2162 751 2238 leges
762 2163 797 2219 ‹le
812 2161 952 2218 solvendis
963 2163 1084 2230 tributis,

148 2258 178 2304 et
191 2245 287 2322 pluras
301 2245 372 2316 aliae,
393 2257 451 2303 tam
466 2245 562 2304 civiles
576 2243 660 2320 quitto
677 2243 894 2302 Ecclesiastioae.

189 2327 226 2385 V.
249 2327 327 2386 Hinc
340 2328 504 2385 refutandus
518 2337 561 2384 est
574 2325 748 2404 perniciosus
762 2345 838 2383 error
852 2325 929 2400 vulgi
944 2325 1084 2401 opinantis

147 2410 225 2486 leges
249 2407 311 2466 illas
333 2429 389 2466 non
412 2409 534 2486 obligare
556 2407 585 2465 in
608 2407 786 2476 conscientia,
809 2407 932 2482 eoquod
947 2407 1084 2482 parenteia

146 2490 278 2568 adjuncta
289 2503 351 2570 est3
365 2491 428 2548 otim
443 2503 537 2548 tamen
551 2489 695 2566 legislator
705 2509 814 2566 poenam
826 2501 975 2547 annectere
986 2489 1083 2559 soleat,

146 2572 300 2648 insignum
314 2593 344 2631 se
359 2573 432 2630 velle
446 2572 578 2630 inducere
593 2572 791 2647 obligationem
808 2589 943 2629 severam.

189 2653 277 2712 Error
290 2654 342 2711 iste
356 2653 472 2712 refutari
495 2665 589 2730 potest
611 2652 665 2710 hoc
688 2651 791 2709 simili:
814 2654 889 2709 forto
910 2671 1021 2710 annexa
1042 2665 1083 2711 est

148 2754 231 2816 prena
244 2735 371 2812 patibuli,
393 2747 422 2793 et
436 2747 530 2792 tamen
545 2737 589 2791 for
603 2747 702 2812 pateat
716 2735 853 2791 furando:
875 2753 951 2810 ergo,
974 2736 1027 2792 &e

178 2818 239 2874 xAn
253 2837 320 2891 ergo
334 2830 448 2894 agentes
463 2831 561 2874 eontra
582 2816 660 2893 leges
683 2816 749 2872 istas
774 2835 830 2872 non
854 2817 1038 2885 satisfaciunt,
1060 2815 1083 2874 si

75 2907 79 2910 ’
147 2899 237 2976 parati
251 2900 307 2956 sint
321 2899 428 2956 solvere
443 2891 552 2976 poenom
567 2897 612 2955 vel
627 2898 760 2956 mulctam
776 2889 966 2974 deprehensi?

190 2981 229 3038 R.
250 2979 406 3058 Negative3
428 2981 540 3056 quando
555 2979 663 3038 seilicet
677 2993 743 3038 suut
757 2979 834 3057 leges
849 2980 945 3038 mixtae
968 2980 1083 3058 copula·

146 3062 221 3130 tire3
241 3063 307 3139 quia
321 3062 377 3119 illae
392 3061 517 3140 obligant
531 3063 566 3118 ad
577 3075 736 3136 utrumque.

187 3143 239 3202 VI.
261 3143 323 3202 Lex
338 3143 506 3222 disjunctive
524 3144 612 3200 mixta
626 3143 732 3220 obligat
745 3143 781 3200 ad
795 3141 959 3200 alterutrum
976 3143 1005 3200 in
1020 3143 1083 3219 lege

144 3225 349 3304 praecriptum,
370 3246 471 3302 nempe
485 3237 517 3282 ut
533 3225 576 3282 vel
591 3237 670 3282 actua
684 3237 812 3301 ponatur,
833 3225 879 3281 vel
897 3226 1004 3282 maleta
1027 3227 1082 3282 sol-

143 3321 242 3392 patun
257 3308 322 3385 quia
336 3309 371 3366 ad
387 3307 530 3366 veritatem
547 3305 722 3384 rlisjuuetirae
737 3305 910 3363 affirmativa
924 3307 1084 3375 sollicitat

142 3409 277 3466 unapars
291 3389 458 3447 verificetur.
501 3387 615 3446 Similes
639 3388 717 3465 leges
741 3400 894 3446 ocourmnt
916 3387 945 3444 in
967 3389 1083 3446 statutis

146 3471 414 3529 confraternitatum.

184 3553 235 3610 An
248 3552 295 3609 lex
309 3555 377 3628 pure
392 3551 508 3630 poenalis
522 3549 673 3628 obligatio
687 3549 881 3609 conscientia?

184 3631 254 3689 Vll.
276 3633 313 3688 R.
335 3633 406 3690 Cum
434 3633 600 3709 Steyaertio‚
622 3632 646 3688 si
671 3653 721 3710 per
745 3633 837 3709 legem
860 3635 931 3708 pure
943 3630 1083 3709 poenalem

140 3711 284 3788 intelligas
299 3713 384 3781 illam,
405 3715 434 3770 in
448 3715 514 3789 quia
527 3714 587 3771 sola
600 3733 681 3790 poena
703 3715 816 3790 quidem
842 3713 1016 3790 exprimitur,
1044 3715 1084 3771 sie

150 3804 239 3849 'amen
254 3805 285 3848 ut
299 3793 434 3869 implicite
449 3795 555 3870 aliquid
567 3795 712 3872 praecipiat
727 3795 770 3852 vel
782 3793 950 3872 prohibeat:
970 3809 1041 3853 tunc
1056 3795 1083 3852 iu

178 3873 315 3933 nseientia
329 3874 444 3952 obligat,
467 3877 533 3952 quia
547 3891 590 3936 est
605 3897 669 3936 vera
682 3878 738 3948 lex,
760 3890 790 3936 et
804 3889 899 3954 potest
913 3878 1006 3954 quoad
1020 3897 1083 3936 sen·
