2224 4060
355 127 396 170 nu
419 125 562 170 auersus.
750 157 752 172 .
860 113 920 170 389

4 271 70 328 erbo
84 279 115 328 et
128 267 260 347 exemplo
272 287 320 330 ees
341 271 469 348 dirigere,
489 271 598 348 premio
619 283 648 332 et
672 271 854 348 castigatione
869 293 916 333 aas

14 353 139 428 peccatis
161 352 307 412 cohibere:
328 353 402 412 circa
423 355 498 428 quod
521 366 615 414 umen
638 355 770 415 monendi
787 367 852 417 sunt
865 375 915 432 pa·

4 446 88 502 entes,
103 447 136 490 ut
148 432 209 491 ·hoc
226 453 282 490 non
296 447 379 510 agant
391 454 441 510 per
462 433 632 494 iracundiam
647 447 677 494 et
694 435 780 492 nimia
794 438 917 504 verbera,

4 516 34 572 sd
56 516 153 592 posim
175 514 363 574 subtrahendo
381 515 421 574 eis
432 517 534 586 cibum,
556 517 658 585 lusum,
674 517 781 592 aliaque
795 519 917 580 delecta·
997 513 998 521 ’

4 597 60 665 ilia,
77 598 114 670 de
128 597 229 672 quibus
243 597 299 654 late
314 597 462 658 Hesselius
475 599 505 656 in
518 617 570 658 suo
586 597 772 664 Catachisrno.

25 679 62 736 V.
84 678 165 736 Hinc
179 679 323 747 conclude,
344 692 472 756 parentes
486 675 651 756 regulariter
663 681 874 756 interrogandos
888 681 918 740 iu

4 760 171 828 oufessione,
192 759 216 816 si
235 760 329 838 proles
352 759 479 826 habeant,
501 781 536 830 an
550 781 596 824 eas
611 764 688 829 recte
701 761 858 831 instituant,
880 781 918 830 au

4 842 20 898 d
34 840 247 901 catechismum
260 841 439 922 scholamque
454 842 573 912 mittant,
588 863 623 900 au
637 843 677 900 eis
688 863 743 900 non
755 843 918 920 permittant

4 925 148 1000 ugatioues
162 935 319 991 nocturnes,
341 923 482 982 consortia
493 924 658 1002 periculosa,
679 925 732 984 ec.

25 1006 113 1064 Circa
124 1004 176 1067 hos
189 1005 286 1062 titulos
299 1005 340 1062 sic
356 1017 451 1065 monet
466 1005 680 1066 Ecclesiasticus
702 1027 763 1083 cup.
774 1007 802 1062 7.
818 1005 853 1063 V.
869 1008 918 1064 29.

19 1087 140 1144 Honora
154 1098 260 1162 patrem
273 1098 364 1156 tuum,
385 1099 414 1144 et
428 1087 549 1163 gemitus
569 1087 671 1146 Matris
685 1100 742 1145 tuae
755 1106 791 1146 ne
806 1087 918 1156 oblivis.

18 1169 108 1228 uaris:
129 1165 167 1225 V.
181 1169 229 1226 30.
244 1167 402 1240 Memento,
416 1169 548 1244 quoniam
562 1169 616 1226 nisi
629 1189 680 1244 per
692 1169 757 1226 illos
771 1165 855 1228 natus
863 1187 919 1231 non

18 1251 142 1308 luisses·
163 1261 192 1308 ot
205 1249 327 1316 retribue
342 1250 406 1319 illis,
422 1251 563 1326 quomodo
576 1263 606 1311 et
620 1250 663 1307 illi
676 1249 762 1310 tibii'
777 1261 806 1306 et
821 1249 919 1311 Tutius

4 1351 45 1428 ap.
67 1333 100 1388 4.
119 1331 157 1390 V.
180 1333 257 1389 3.·
260 1331 430 1436 ‘Honorem
453 1331 569 1390 habebis
593 1331 683 1400 Matri
704 1344 766 1400 tuae
791 1331 920 1402 omnibus

4 1415 120 1472 ¹diebus
144 1413 210 1472 ritae
232 1411 318 1490 ejusr'
320 1413 384 1471 '.V
398 1415 428 1472 4.
470 1414 615 1515 “lvdemor
639 1413 714 1482 esim
735 1405 797 1470 e'sse
821 1413 917 1484 debes,

4 1507 124 1570 quauta
137 1495 262 1572 pericula
274 1513 355 1571 passa
369 1495 406 1552 sit
419 1507 533 1572 propter
546 1493 602 1552 te.”
664 1546 667 1555 .

26 1578 97 1635 Pius
111 1596 179 1652 ergo
190 1576 264 1632 tilius
275 1576 473 1645 considerabit
481 1577 557 1652 quod
565 1577 645 1646 ab
621 1587 735 1652 menost
745 1575 843 1646 Deum
856 1597 918 1635 esse

4 1679 67 1716 unm
82 1657 178 1727 habet,
199 1659 275 1733 quod
297 1659 332 1716 ab
355 1659 396 1718 eis
418 1660 453 1718 ad
478 1659 658 1724 Sacramenta
665 1658 768 1728 salutis
780 1659 920 1719 adductus

4 1754 40 1810 st,
54 1741 86 1804 in
98 1739 156 1801 fide
166 1751 195 1797 et
205 1739 345 1803 moribus
338 1751 498 1810 instructus,
513 1741 588 1816 quid
599 1759 679 1800 curas
690 1753 719 1798 et
713 1760 825 1872 peenas
838 1741 921 1811 duras

4 1823 196 1890 ustiuuerurtt,¹
215 1823 268 1881 uc.

32 1905 174 1968 Quaestum
183 1903 302 1964 titulum
315 1903 472 1980 generalem
483 1883 638 1972 honorandi
647 1863 775 1980 mucules
786 1916 817 1962 et
826 1921 923 1960 ornnes

4 1985 160 2062 inperiosus
181 1985 260 2042 addit
280 1975 475 2046 Catechinnus
490 1983 645 2054 Romanus,
667 1985 783 2054 scilieet,
804 1983 900 2059 quiid
893 2002 923 2044 nn

4 2067 46 2124 llis
60 2066 232 2130 honoramus
245 2067 352 2135 Deum,
375 2067 409 2127 ιὸ
423 2067 498 2141 quod
513 2067 602 2124 omnis
616 2077 741 2144 potestas
753 2076 783 2122 et
796 2064 922 2140 superio»

4 2150 58 2206 itas
72 2148 112 2208 sit
124 2169 145 2206 a
127 2147 230 2218 Deo,
244 2149 388 2224 ,atque-ite
399 2149 479 2206 Deus
492 2149 568 2216 velit,
583 2160 616 2206 ut
629 2147 791 2226 Supodorrs
804 2144 924 2207 honore·

4 2251 54 2288 nus
80 2241 467 2306 tunquamrepraesertantos
488 2229 602 2299 Deum:
620 2228 689 2288 hinc
712 2228 866 2306 Apostolus
888 2228 925 2284 ad

4 2311 135 2388 Ephesios
159 2331 220 2388 cap.
234 2315 264 2369 6.
290 2311 326 2368 ΙΙ.
340 2313 369 2368 5.
411 2317 428 2344 “
444 2311 530 2378 Servi,
553 2311 664 2376 obedite
688 2309 807 2380 dominis
825 2328 925 2380 ,carna-

5 2401 11 2426 ‘
25 2395 101 2450 libus
105 2435 179 2452 ......
183 2393 256 2450 sicut
267 2391 396 2453 Christo:
412 2393 448 2449 V.
463 2395 490 2450 6.
505 2393 570 2453 Non
584 2393 620 2450 ed
633 2392 745 2460 oculum
759 2391 922 2456 servantes,

5 2475 107 2550 ·quasi
121 2474 280 2534 hominibus
292 2475 445 2550 placentes,
465 2476 515 2532 sed
531 2487 562 2530 ut
576 2475 648 2530 servi
663 2472 777 2544 Christi,
790 2471 924 2535 facientes

6 2557 203 2618 ‘voluntatem
219 2557 275 2614 Dei
298 2575 334 2614 ex
360 2557 469 2622 animm
490 2557 526 2612 V.
542 2558 569 2612 7.
592 2556 663 2612 Cum
686 2555 758 2626 bona
781 2553 938 2626 voluntate

6 2646 13 2671 ‘
26 2637 192 2706 servientes,
212 2638 285 2696 sicut
299 2638 431 2706 Domino,
442 2650 476 2702 ¹et
490 2655 545 2696 nort
559 2635 742 2696 hominibus?

34 2720 104 2777 Hoc
132 2719 268 2780 motivum
297 2720 463 2785 obedientie
488 2719 594 2776 utiliter
615 2717 748 2790 adhibent
770 2717 925 2792 animarum
1005 2779 1006 2782 Ἰ

4 2801 158 2869 ducatores,
177 2813 212 2858 tut
236 2801 307 2859 filios
322 2815 350 2861 et
364 2801 432 2861 aiios
447 2801 573 2860 subditos
588 2801 622 2866 ad
644 2800 829 2867 obediendum
845 2798 927 2860 indu·

4 2895 68 2950 tant,
84 2883 266 2958 proponendo
284 2883 360 2958 ipsis,
381 2903 415 2940 au
430 2883 453 2939 si
469 2883 548 2940 Deus
562 2881 621 2957 ipss
635 2882 740 2956 aliquid
754 2879 928 2954 praeciperet,

4 2965 66 3022 llud
90 2961 218 3021 alacriter
239 2983 294 3020 non
319 2964 522 3040 adimplerent;
549 2965 617 3020 dum
639 2975 732 3030 eutem
754 2971 926 3036 praeceptum

4 3045 157 3140 Superioris
170 3045 348 3122 edlmpletur,
370 3045 424 3104 hoc
445 3045 540 3110 Deum
563 3045 602 3113 ita
615 3045 750 3120 accipere,
771 3061 806 3104 ao
823 3043 847 3098 si
868 3041 928 3118 ipse

4 3127 186 3250 recepisset.
435 3141 439 3150 ’

28 3287 65 3348 N.
80 3243 139 3348 90.
173 3291 247 3370 QUI
269 3287 695 3436 NOMfflFffilffgflztlaiNTUM
717 3266 901 3344 INTELLI·

4 3535 22 3592 Ι.
43 3535 192 3594 Parenos.
234 3535 274 3596 II.
298 3533 467 3614 Superiores
490 3531 666 3610 spirituales,
707 3530 764 3590 ΙΙΙ.
785 3513 830 3587 Et
846 3544 933 3593 sucu·

39 3615 124 3679 utro
178 3616 231 3675 IV.
257 3616 421 3682 Curatores,
473 3615 509 3672 V.
540 3613 684 3682 Scotum,
726 3611 780 3670 Vl.
809 3609 934 3686 Veniunt

39 3701 155 3756 uomere
144 3697 339 3760 Parentum.
381 3697 449 3756 Vll.
474 3696 556 3768 Quid
562 3715 593 3754 st
588 3695 815 3781 praemiantur
828 3695 935 3768 incom-

34 3779 184 3856 paulitio
481 3859 523 3926 13
566 3839 569 3844 Δ
604 3840 606 3848 ,
758 3835 761 3850 ,

448 3878 466 3918 ι
685 3902 689 3915 .
