2216 4056
143 113 204 180 stt
314 133 320 148 ·
391 131 438 178 sn
459 131 662 178 armannum
681 131 724 176 nr
744 129 830 186 rann

142 287 273 353 nequeat,
288 277 339 338 sad
352 297 441 355 usque
455 278 492 338 ad
512 277 598 337 finam
619 276 718 336 mundi
739 272 881 336 successio
896 271 1089 330 Summarum

143 357 313 422 Pontificum
327 359 364 422 sit
376 371 588 440 perseveratura
600 360 630 422 in
645 357 794 436 Episoupis
808 353 976 418 Romanis?

183 439 225 498 11.
247 439 284 498 R.
307 441 342 499 Id
356 441 590 500 controvertitur:
611 441 726 518 quidam
740 438 902 498 existimant
924 433 1090 512 primatum

137 519 204 598 jura
217 519 339 586 hnmano
352 523 462 584 tuatim
484 531 625 583 onncmm
648 542 711 580 assa
725 517 911 600 Episcopetui
927 517 1089 578 Romano:

142 603 251 662 scilicet
265 603 371 675 dicunt,
393 603 447 664 hoc
470 605 580 664 tontum
600 604 623 664 a
635 602 750 664 Christo
772 601 935 662 ordimmm
958 615 1032 657 csse
1058 607 1091 652 nt

142 683 191 742 illa
206 684 393 764 Episcopatus
413 685 529 744 haberet
544 685 709 754 Primatum,
732 702 817 761 quem
831 679 966 741 Ecclesia
992 677 1090 754 desig·

142 779 254 835 naeset3
268 766 424 844 designarit
434 779 529 826 autam
542 767 672 826 Ecclesia
683 765 887 843 Episcopatum
900 761 1090 826 Romanum

141 848 227 916 unde,
241 848 379 923 inquiunt,
394 848 455 907 fieri
469 861 564 925 posset
577 859 614 908 e'x
638 847 821 925 dispositione
836 842 992 912 Ecdeeiffis
1011 841 1091 917 qnid

142 927 284 991 Primatus
297 931 332 987 ab
348 929 521 1007 Episcopatu
535 928 665 990 Romano
678 929 843 988 auferretur.

183 1010 289 1068 verum
303 1011 479 1071 communitis
493 1012 655 1080 sustinetur,
668 1011 746 1087 qutd
757 1009 898 1069 Primatus
906 1007 978 1082 jura
986 1003 1091 1064 divino

142 1109 267 1154 annexus
281 1092 319 1150 sit
333 1092 518 1170 Episcopatui
532 1093 682 1154 Romanor
703 1091 770 1168 quio
788 1091 857 1150 licet
869 1099 1013 1164 urgerent
1026 1105 1091 1163 gra·

142 1172 264 1232 vissimae
278 1174 409 1244 rationes,
422 1174 519 1250 quales
533 1175 647 1234 ficorum
658 1172 842 1232 Ethnicosum
856 1169 1090 1248 persecutiones»

143 1251 245 1314 Romae
259 1256 437 1326 vastationes,
451 1256 504 1314 &c
517 1276 660 1333 nunqnam
674 1267 769 1314 moran
783 1255 819 1312 dc
832 1251 996 1328 sepnando
1013 1250 1092 1306 Pon-

142 1335 249 1394 tificatu
263 1337 299 1394 ab
315 1337 488 1414 Episcopatu
502 1339 634 1398 Romano
647 1337 802 1414 cogitatum
816 1346 879 1392 est:
900 1352 971 1408 orgo
983 1330 1091 1390 existi·

142 1417 230 1476 mavit
244 1418 373 1478 Ecclesia
387 1417 543 1479 Primatum
551 1418 617 1497 jure
637 1417 733 1478 divino
748 1417 878 1478 Romano
893 1409 1090 1491 Episcopatui

143 1517 284 1558 annexam
298 1519 369 1558 esse.

184 1579 312 1640 Observa
325 1579 396 1640 hanc
410 1581 595 1657 quaestionoru
609 1602 671 1642 esso
685 1580 823 1640 diversam
843 1587 873 1636 at
887 1575 1090 1652 independen-

142 1670 202 1721 tem
216 1659 308 1720 abhis
328 1663 438 1730 duobus
452 1663 507 1721 fide
522 1663 614 1734 certis,
636 1664 713 1740 qnod
727 1661 869 1722 Primatus
884 1653 1035 1716 Ecclesiae
1054 1657 1090 1713 sit

138 1739 211 1818 juris
210 1741 321 1884 P(lirini,
336 1757 366 1802 et
375 1744 424 1804 illa
433 1744 574 1805 Pmtus
584 1743 783 1825 passereuetin
793 1743 924 1802 Romano
935 1739 1090 1818 Episcopo

144 1841 196 1882 sca
236 1823 358 1886 ontifice.

159 2063 199 2126 N.
214 2067 263 2126 93.
303 2067 361 2128 DE
382 2067 628 2132 POTESTATE
651 2067 794 2131 SUMMI
815 2064 1074 2129 PONTIFICIS.

145 2226 170 2292 1.
190 2226 282 2308 Papa
303 2228 387 2292 habet
405 2241 571 2310 potestatem
592 2229 788 2292 imminuta
806 2227 933 2302 coroa.
979 2229 1027 2290 ΙΙ.
1049 2227 1094 2290 Et

377 2313 520 2393 Episcopi
533 2312 695 2377 mamiato
708 2311 728 2372 si
741 2311 843 2393 Papa.

188 2473 217 2544 A
228 2473 315 2539 QUO
328 2475 461 2536 Summus
472 2477 604 2538 Pontifex
616 2475 744 2554 legitime
754 2476 866 2538 alectus
875 2473 1092 2552 accipitpotcs·

146 2562 234 2616 utem
248 2577 327 2617 suasu
344 2571 374 2617 et
382 2557 633 2636 jurisdictionem?

188 2635 212 2692 1.
234 2636 271 2694 R.
295 2638 462 2698 Immediata
485 2660 546 2698 cam
570 2637 675 2716 accipit
697 2635 844 2704 &Christo
865 2648 1005 2713 tanquam
1030 2634 1093 2714 ejus

147 2713 285 2788 vicarius,
299 2733 383 2794 prout
397 2741 458 2782 sam
474 2721 576 2780 Petrus
595 2719 716 2798 accepit.

190 2797 252 2860 Nec
276 2801 369 2860 obstat
383 2803 487 2880 Papam
510 2803 578 2884 eligi
602 2801 946 2870 tendicularum
973 2799 1094 2856 illoram

147 2877 251 2942 altorio
263 2893 309 2940 est
322 2883 433 2942 motum
454 2885 579 2947 conditio
599 2889 617 2920 ‘⁴
628 2882 688 2944 sina
711 2903 768 2960 qua
790 2882 875 2950 non.”
899 2881 959 2958 qua
983 2876 1095 2958 positi,

147 2972 315 3036 potestatem
330 2976 359 3020 et
368 2963 593 3040 jurisdictionem
606 2965 770 3026 immediata
788 2963 895 3041 accipit
908 2962 926 3021 ὲ
940 2961 1075 3022 Christo.

189 3045 218 3099 A
233 3064 289 3120 quo
304 3044 438 3124 Episcopi
451 3058 620 3123 potestatem
629 3045 834 3124 jurisdictionis
848 3043 1025 3120 accipiunt?

188 3122 229 3182 11.
250 3125 288 3184 R.
309 3125 386 3200 Galli
410 3127 517 3197 volunt,
541 3129 617 3205 quod
640 3127 719 3186 illum
742 3127 907 3186 immediate
930 3125 949 3182 a
970 3122 1094 3185 Christo

148 3203 303 3279 accipiam
320 3208 374 3266 sed
396 3207 547 3268 dicendum
571 3210 690 3277 ridetur,
713 3209 790 3284 quod
817 3208 896 3266 illam
921 3205 1094 3266 immediati.

148 3283 288 3359 accipiant
301 3285 318 3343 i
332 3287 461 3354 Romano
476 3290 634 3350 Pontifices
654 3289 722 3366 quia
732 3289 861 3368 regimen
876 3287 1023 3350 Ecclesiae
1050 3299 1094 3348 cet

147 3361 375 3426 Monarchicum.

192 3443 270 3502 Hinc
280 3446 348 3504 dicit
359 3449 389 3509 S.
399 3448 454 3509 Th.
462 3451 511 3510 lib.
521 3452 549 3512 4.
559 3463 657 3512 contra
664 3461 763 3528 gantas
772 3473 835 3533 cap.
847 3453 896 3510 to.
910 3448 1093 3510 “Christum

151 3525 171 3556 ‘³
186 3522 239 3582 soli
261 3525 349 3586 Petro
369 3533 538 3606 promisisse,
553 3533 618 3590 Tibi
632 3533 706 3594 dabo
720 3533 813 3596 clares
837 3532 919 3611 regui
932 3532 1093 3600 Cauiorum,

152 3607 171 3636 “
184 3614 217 3659 ut
228 3607 420 3668 ostenderetur
427 3625 550 3689 potestas
561 3613 682 3672 clavium
693 3635 744 3691 por
754 3637 820 3676 eum
829 3616 866 3678 ad
876 3615 946 3677 alios
956 3614 1093 3672 derivan-

152 3687 171 3717 “
186 3682 255 3750 da;”
274 3697 306 3778 ct
327 3687 357 3746 S.
381 3689 451 3762 Leo,
474 3695 533 3753 “Si
557 3695 635 3772 quid,
660 3695 762 3772 inquit,
787 3719 852 3758 cnm
878 3716 913 3758 eo
935 3713 1094 3754 commune

152 3765 173 3794 ‘⁸
188 3774 297 3857 cataras
311 3768 399 3828 voluit
412 3791 473 3830 osso
487 3775 668 3856 principibus,
683 3797 828 3858 nunqnam
841 3777 895 3840 nisi
919 3795 971 3855 pet·
995 3775 1092 3856 ipwm

153 3844 176 3877 ‘¹
189 3843 269 3904 dedat
283 3847 418 3925 quidquid
431 3854 493 3916 aliie
506 3875 563 3918 non
579 3858 717 3936 negarit.”
