2226 4064
162 97 222 160 962
528 85 724 164 aasentias

204 263 366 323 Deducitur
378 261 437 321 nou
448 283 560 322 cessare
571 263 733 322 facultatem
743 259 905 325 absolvendi
919 264 936 324 ὲ
948 261 1110 325 reservat

163 358 229 404 aute
250 346 456 404 revocationem
480 346 635 404 intimatam
662 347 856 406 confessario:
878 349 946 406 item
974 345 1108 404 valida·

163 448 225 486 esse
238 428 454 496 matrimonium,
467 428 516 486 cui
529 427 634 486 msistit
648 425 768 503 simplex
781 429 917 488 Sacerdos
931 451 968 488 ex
984 425 1112 505 special

75 503 81 516 '
134 539 139 547 ·
163 509 358 566 commissione
369 509 497 579 Perochi,
509 509 636 586 quamvis
644 507 691 567 hic
699 509 776 568 illam
787 511 876 569 inscio
884 513 933 570 illo
944 509 1113 571 Sacerdot

163 602 331 649 revocasset.

156 905 160 912 ,
237 833 276 892 N.
290 835 320 892 o.
361 833 419 891 oa
441 809 772 895 necessariora
794 835 919 896 taem
940 835 1031 896 aaa

136 915 151 945 ι·
521 915 736 977 acaunum.
1008 949 1013 956 ·

165 1080 189 1137 1.
212 1076 300 1154 Lepte
320 1076 457 1152 otttpatio
478 1096 537 1136 aon
550 1079 659 1155 perdet
676 1079 714 1136 ab
733 1081 932 1158 acceptatione.
973 1079 1019 1138 11.
1087 1102 1113 1125 ἰ

296 1201 298 1208 .
397 1169 488 1237 potest
499 1163 643 1239 accepturi
656 1161 748 1222 tribum
760 1163 861 1221 moda.

206 1319 266 1380 AN
279 1322 429 1398 requiritur
449 1341 601 1382 mnaeusus
621 1334 650 1382 et
673 1343 803 1382 assensus
822 1324 929 1402 populi,
953 1334 988 1382 ut
1014 1321 1071 1380 lex

164 1405 307 1482 superiore
321 1405 378 1462 lata
391 1405 446 1460 vim
462 1403 563 1462 habeat
576 1405 743 1482 obligandi?

205 1486 230 1543 1.
246 1486 282 1544 R.
297 1485 371 1561 Neg.
385 1487 630 1563 sedlexeoipso3
652 1507 709 1563 quo
730 1499 774 1546 est
795 1505 860 1546 vera
883 1499 913 1546 et
931 1485 1016 1563 J'usta
1043 1485 1104 1552 lex,

165 1567 270 1646 obligat
283 1569 319 1624 ad
333 1571 376 1623 sui
390 1567 612 1646 acceptationem
627 1581 656 1626 et
669 1569 882 1627 observantiam.

206 1649 241 1704 ln
264 1648 363 1724 primis
386 1649 416 1706 id
439 1648 553 1744 speciali
580 1651 688 1708 ratione
716 1663 824 1708 certum
852 1662 897 1708 est
923 1649 959 1706 de
977 1645 1109 1744 ‘legibus

166 1729 391 1795 Ecclesiasticis3
412 1731 478 1805 quia
500 1741 625 1806 potestas
647 1732 696 1790 illa
721 1751 778 1792 nou
801 1731 818 1789 a
842 1729 1055 1788 communitate
1081 1729 1111 1784 in

165 1811 332 1874 Pontificem
345 1824 376 1869 et
384 1812 555 1888 Episcopus,
570 1811 644 1870 sed
633 1833 650 1870 a
665 1813 730 1872 Deo
744 1813 894 1872 derivatur.

206 1893 349 1956 Quantum
370 1894 405 1950 ad
420 1893 497 1969 leges
511 1893 616 1962 civiles,
631 1895 699 1953 licet
712 1895 838 1971 superior
858 1893 875 1952 a
895 1893 1109 1951 communitate

164 1993 244 2032 suam
253 1986 421 2050 potestatem
434 1974 536 2032 babere
546 1990 727 2053 supponatur,
739 1975 831 2034 adbuc
841 1988 934 2034 tamen
945 1975 1110 2032 dicendum

165 2068 217 2124 est,
232 2055 322 2150 legem
337 2075 393 2113 non
406 2058 530 2132 pendere
543 2058 579 2115 ab
592 2057 784 2154 acceptatione
805 2057 920 2134 populi:
941 2056 1010 2114 ideo
1026 2055 1109 2113 enim

165 2137 351 2195 communitas
364 2150 534 2232 potestatem
546 2137 752 2215 legislativum
744 2159 773 2196 m
787 2139 959 2216 superiorem
977 2137 1112 2239 aliquem

166 2219 314 2284 transfert3
335 2219 400 2294 quia
423 2219 472 2276 illa
494 2231 619 2296 potestas
643 2239 698 2277 non
720 2220 774 2276 nisi
802 2219 968 2277 difficillimo
997 2216 1017 2276 b
1046 2201 1112 2274 tota

166 2299 348 2360 multitudine
371 2301 495 2358 exerceri
519 2313 632 2378 potest3
659 2301 855 2360 difficillimum
883 2301 957 2358 enim
987 2311 1045 2367 est,
1077 2311 1111 2354 ut

166 2399 264 2440 omnes
290 2381 377 2440 toties
399 2383 510 2458 quoties
531 2384 635 2440 bonum
657 2401 805 2440 commune
833 2383 929 2458 exigit,
952 2381 982 2438 iu
1009 2381 1111 2455 legem

167 2464 311 2520 serendam
324 2465 493 2540 conspirent.
534 2464 633 2539 Itaque
647 2463 833 2522 communitas
846 2476 976 2522 censetur
990 2463 1110 2519 dedisse

167 2545 324 2604 absolutam
338 2547 474 2621 superiori
465 2545 567 2622 leges
581 2545 720 2603 condendi
739 2545 923 2612 facultatem
942 2563 1009 2602 nam
1035 2541 1110 2600 alias

167 2627 266 2684 eadem
281 2639 460 2684 nascerentur
473 2626 695 2696 incommoda,
673 2647 697 2685 ιι
712 2626 854 2706 populue'
841 2639 933 2708 Justas
950 2625 1110 2703 superioris

168 2707 246 2784 leges
259 2709 405 2784 repudiare
419 2719 522 2784 posset.

210 2789 348 2846 Probatur
361 2789 445 2846 etiam
459 2809 494 2845 er
515 2785 707 2866 propositione
731 2790 812 2848 28.
804 2804 877 2848 inter
901 2790 1051 2846 damnatas
1074 2789 1109 2846 ab

169 2870 334 2928 Alexandro
359 2870 466 2928 Vllr‘
469 2871 614 2947 ‘Populus
635 2891 692 2928 non
717 2885 823 2949 peccat,
849 2869 968 2934 etiamsi,
998 2867 1109 2944 absque

169 2959 188 2986 ‘⁸
198 2951 276 3028 justa
289 2971 372 3020 causa
385 2973 441 3009 non
455 2952 572 3028 recipiat
585 2953 676 3028 legem
691 2952 851 3031 a'Pn’ncipe
866 2949 1107 3030 promulgatam.''

211 3033 277 3110 Obj.
291 3034 314 3091 I.
330 3033 407 3110 Lege
423 3051 464 3091 na
479 3051 596 3098 corsus
611 3036 782 3112 digestorum
798 3037 833 3092 de
848 3035 957 3109 legibus
980 3031 1108 3090 dicitnr:

170 3121 188 3150 “
203 3115 276 3192 Ipsa
301 3115 347 3191 leg
329 3135 377 3172 <res
401 3131 458 3172 noa
481 3116 537 3174 alia
560 3117 702 3175 decanea
726 3137 777 3176 nos
802 3131 908 3185 tenent,
931 3113 1018 3190 quam
1039 3115 1107 3170 citm

170 3196 307 3274 “judicio
321 3197 417 3274 populi
432 3211 553 3275 recepta
567 3199 659 3257 suntr'
662 3199 765 3276 'erga
780 3200 831 3256 &c

211 3277 249 3336 R.
270 3279 313 3336 Ibi
336 3279 428 3354 agitur
455 3281 492 3337 de
518 3279 628 3359 legibus
656 3281 831 3358 Reipublicae
860 3279 1006 3345 Romana,
1035 3277 1107 3334 dum

171 3355 275 3454 rejpcti
297 3361 464 3429 monarchiis,
486 3381 596 3419 summa
617 3375 741 3439 potestus
766 3373 825 3420 erat
849 3380 935 3436 penes
958 3357 1106 3435 populum

171 3440 252 3516 cujus
278 3443 395 3517 proinde
418 3455 478 3500 erat
502 3443 609 3517 leges'
601 3445 765 3504 instituere·
786 3442 834 3517 qui
858 3461 914 3498 non
938 3454 983 3497 est
1009 3453 1106 3498 noster

172 3539 271 3587 eaaus3
291 3523 473 3598 supponimus
488 3524 561 3581 enim
576 3543 593 3580 a
606 3526 711 3600 populo
724 3543 861 3582 sumntum
881 3531 1051 3599 potestatem
1079 3521 1106 3576 in

173 3602 343 3676 superiorem
357 3603 477 3680 aliquem
492 3606 651 3663 translatam
666 3625 738 3664 esse.

216 3682 281 3756 Obj.
296 3683 335 3740 Il.
351 3684 536 3760 Capit.3.1u
554 3687 772 3746 1srrsdistinct.
792 3688 821 3744 4.
843 3685 962 3744 dicitur:
984 3683 1105 3758 “Leges

170 3767 194 3810 ..⁴⁴
209 3762 400 3832 instituuntur,
421 3767 484 3822 citur
505 3767 735 3844 promulgantur:
757 3769 912 3837 firmantur,
934 3767 996 3825 ciem
1021 3765 1104 3823 mori

178 3848 197 3876 “
213 3845 265 3903 bm
280 3847 416 3904 utentium
431 3848 645 3924 approbantur.'³
