2248 4070
403 151 445 195 nu
466 151 613 194 aternus.
917 123 1001 195 att'

31 299 51 328 “
69 293 104 352 Si
118 305 219 371 preces
233 293 351 354 veritate
364 295 516 362 nitantur‚”
537 295 574 354 sit
593 293 743 371 generalis,
763 305 792 354 et
805 296 896 374 'quod
916 296 979 357 ιιιιι

30 376 217 451 particularis
232 377 404 452 dispensatio
418 397 473 434 non
488 377 570 434 aliter·
584 379 649 434 data
663 391 819 434 censeatur.

78 457 146 516 Nec
161 459 250 526 obest,
271 459 409 532 inquiunt,
432 460 509 533 qudd
531 457 712 516 nibilominus
731 459 795 516 data
810 459 910 517 fuisset
922 459 978 518 dis·

31 539 170 615 pensatio
184 539 245 596 sine
258 540 312 598 ista
327 559 411 596 causa
425 539 591 615 impulsiva;
613 540 678 614 quia
697 540 826 614 equidem
847 539 907 618 jam
921 561 979 598 non

32 621 79 678 sic
97 621 164 678 date
178 635 231 688 est,
252 633 281 680 et
294 622 410 698 insuper·
423 641 499 697 saepe
512 621 645 685 noscitur
661 641 790 696 quaenam
805 641 889 680 eausa
902 623 979 698 apud

33 702 252 777 dispensantem
279 701 372 759 habita
396 702 433 758 sit
456 716 487 758 ut
510 701 617 758 finalis·
638 703 733 759 verbm
749 703 805 799 dici
819 715 921 781 potest,
942 723 979 762 ex

31 802 94 838 usu
109 803 209 840 causas
222 783 284 840 illas
298 783 471 858 aliquatenus
486 783 626 858 cognosci.

79 864 124 921 11.
147 865 194 920 2⁰.
216 865 351 940 Layman,
374 864 418 922 La
429 865 524 931 Croix,
538 877 568 921 et
581 863 695 940 plurimi
710 863 758 922 alii
772 885 835 922 cum
853 864 979 924 Sanchet

33 946 215 1020 respondent
229 945 434 1023 distinguendo,
456 946 565 1004 scilicet
578 946 814 1021 dispensationem
830 966 892 1015 este
903 949 979 1005 inva-

35 1025 139 1093 lidam,
161 1027 185 1082 si
208 1027 335 1102 obreptio
351 1027 394 1084 vel
418 1027 561 1102 subreptio
583 1027 620 1084 sit
634 1027 708 1084 circa
722 1046 833 1086 causam
847 1029 979 1086 finalem:

35 1107 164 1164 validam
193 1109 268 1175 verb,
299 1107 323 1164 si
351 1109 459 1164 teutbm
487 1109 525 1166 ιιι
552 1108 627 1166 circe
654 1128 765 1166 tamam
793 1109 980 1184 impulsivam.

37 1187 125 1245 Prior
136 1207 200 1264 pers
215 1201 292 1246 certa
305 1201 357 1245 est.
398 1190 455 1246 Ριο
469 1191 593 1248 secunda
601 1201 679 1264 perte
694 1189 800 1257 dicunt,
815 1191 899 1264 qued,
914 1188 979 1248 culm

38 1269 181 1352 Superior
194 1271 325 1346 equidem
340 1273 417 1328 reete
431 1283 461 1328 et
475 1271 553 1330 licite
568 1271 764 1364 dispensasset,
779 1285 808 1328 et
819 1273 853 1327 ad
868 1272 980 1348 dispeu-

38 1345 162 1407 sendum
189 1364 281 1408 motus
303 1351 387 1408 fuerit
409 1351 558 1410 sufficienti
578 1352 693 1422 ratione,
715 1351 764 1408 illa
786 1353 913 1429 obreptio
934 1353 980 1411 vel

38 1431 227 1507 subreptioe'
202 1452 262 1508 eJus
276 1432 398 1490 valorem
414 1451 469 1490 nou
484 1433 589 1504 tollat,
695 1441 698 1446 '

84 1513 135 1570 Ad
151 1513 324 1572 clausulam:
348 1514 412 1574 “Si
423 1533 520 1590 preces
534 1483 671 1572 ιιιιιιιιι
685 1514 836 1572 nitantur·'
839 1515 980 1593 ¹·respon

39 1594 121 1662 dent,
144 1614 207 1650 eam
221 1595 341 1669 int-elligi
355 1587 390 1652 de
405 1615 488 1652 causa
502 1595 587 1652 finali.

82 1676 230 1740 Quantum
245 1674 304 1734 sd
292 1695 339 1751 Jus
353 1689 460 1734 neturae
471 1675 533 1734 baec
543 1675 684 1734 sententia
693 1675 803 1734 videtur
816 1677 882 1734 satis
893 1689 979 1747 reete,

39 1776 97 1812 non
115 1757 250 1832 quantum
273 1755 339 1814 ad
327 1778 375 1832 Jus
388 1758 556 1833 positivum
577 1758 651 1816 sicut
665 1770 824 1816 contractus
838 1779 873 1816 ex
887 1779 980 1818 errore

40 1839 120 1895 circa
133 1857 245 1896 causam
261 1839 438 1914 impulsivam
449 1839 512 1915 jure
526 1851 634 1897 naturae
648 1838 783 1896 subsistit.

83 1919 143 1976 Ill.
166 1922 215 1976 3⁰.
237 1919 299 1976 Van
315 1919 390 1996 Ray,
413 1920 547 1994 Bossuyt,
567 1917 754 1978 Reiffeustuel
768 1931 797 1978 et
811 1920 860 1977 elii
874 1921 980 1996 duplici

41 2000 228 2058 distinctione
242 2001 370 2058 nituntur
380 2003 472 2076 quoad
487 2001 708 2077 dispensationes
723 2012 751 2058 et
761 2002 895 2078 rescripta
908 2002 981 2060 Pon·

40 2082 141 2149 tificia,
164 2093 193 2138 et
208 2083 313 2150 dicunt,
336 2081 572 2176 dispepsstionem
587 2101 697 2158 semper
711 2101 772 2140 esse
783 2083 979 2149 invalidam,
956 2103 982 2140 ιι

41 2163 190 2239 subreptio
206 2163 249 2219 vel
264 2163 390 2239 obreptio
404 2164 440 2220 sit
455 2164 529 2220 circa
543 2183 653 2220 causam
669 2163 790 2230 finalem,
810 2164 921 2222 etiamsi
933 2163 982 2222 illa

41 2244 189 2320 subreptio
202 2245 244 2301 vel
259 2245 386 2320 obreptio
399 2245 547 2304 accidisset
561 2265 611 2321 per
623 2243 832 2321 simplicitatem
844 2245 910 2302 vel'
903 2263 982 2321 igno·

42 2325 163 2384 rentiam
179 2326 238 2384 sine
252 2327 310 2385 ulla
321 2325 413 2403 culpe.

87 2407 118 2464 Si
133 2419 228 2464 autem
242 2407 291 2466 illa
305 2407 448 2483 subreptio
462 2406 506 2466 rel
521 2407 648 2483 obreptio
661 2407 698 2464 sit
712 2406 785 2464 circa
799 2426 909 2464 causum
930 2407 983 2464 im·

44 2488 184 2563 pulsivarn
200 2490 317 2556 tantum,
339 2488 583 2563 subdistinguuut:
605 2506 705 2564 nempe
720 2489 765 2546 vel
780 2489 853 2546 sacta
867 2499 921 2546 est,
932 2507 983 2565 per

46 2569 259 2646 simplicitatem
275 2583 323 2626 eut
337 2569 530 2644 ignorantiam,
553 2583 581 2626 et
603 2583 670 2628 tunc
685 2569 855 2645 dispensatio
869 2569 923 2626 erit
936 2589 984 2628 va·

46 2651 114 2719 lida,
137 2652 223 2710 mode
239 2651 380 2707 sufficiens
394 2669 477 2707 causa
490 2650 582 2707 finalis
600 2650 752 2706 subsistat:
774 2650 817 2706 vel
843 2651 918 2708 facts
940 2663 984 2708 est

46 2753 98 2808 per
109 2733 235 2790 fraudem
247 2744 297 2790 aut
311 2731 455 2800 malitiam,
477 2743 508 2788 et
517 2743 586 2790 tunc
600 2731 770 2807 dispensatio
784 2731 838 2788 erit
852 2731 983 2800 invalida,

46 2814 114 2872 lieet
128 2813 271 2870 sufficiens
295 2833 379 2870 causa
400 2813 491 2870 findis
515 2812 656 2880 subsistat,
678 2812 763 2886 idque
787 2833 843 2870 uon
867 2833 903 2869 ex
919 2811 984 2886 jure

48 2908 164 2960 naturae,
180 2895 229 2950 sed
243 2913 277 2950 ex
288 2892 352 2970 jure
366 2894 487 2969 positivo
502 2893 531 2948 iu
546 2893 734 2969 perversitatis
749 2913 868 2968 poenam.
910 2893 984 2952 Vide

49 2995 109 3051 cap.
126 2978 173 3032 20.
197 2975 302 3033 Suasa
316 2975 451 3034 Ltcners
466 2974 516 3032 lib.
529 2976 555 3032 l.
570 2975 687 3032 Decret.
702 2974 745 3034 tit.
760 2977 788 3031 3.
803 2993 838 3032 ex
853 2993 908 3049 quo
923 2974 984 3032 baec

49 3057 192 3116 distinctio
204 3058 352 3134 desumpta
365 3068 417 3114 est.

88 3139 141 3196 IV.
165 3138 251 3196 Hane
263 3139 373 3196 tertiam
389 3137 555 3196 seutentiam
568 3136 653 3194 multi
663 3136 888 3212 amplectuntur:
908 3155 984 3197 eam·

50 3240 103 3294 que
118 3220 210 3278 secuti
223 3240 319 3276 sumus
333 3219 362 3276 in
377 3218 425 3276 Tr.
441 3219 505 3278 “de
521 3217 665 3276 Matrim.”
681 3217 717 3278 N.
733 3219 799 3274 127.

90 3301 169 3364 Quid
184 3301 207 3356 si
223 3319 272 3376 pro
287 3300 494 3375 dispensatione
509 3299 637 3374 allegatae
652 3300 754 3355 fuerint
770 3299 834 3358 due
848 3317 938 3356 causae
954 3299 986 3356 fi·

51 3382 135 3451 nales,
152 3401 210 3438 une
218 3401 291 3448 vera,
303 3381 393 3440 alteia
403 3380 480 3446 false.
496 3393 525 3438 ot
536 3380 577 3442 sic
588 3380 736 3454 impetrate
746 3379 782 3436 ιιι
793 3379 986 3456 dispensatio?

90 3464 127 3521 V.
149 3463 196 3521 R.
207 3462 241 3520 Si
249 3473 353 3524 uentre
366 3481 450 3520 causa
460 3460 550 3520 finalis
560 3480 591 3517 se
602 3457 662 3516 soli
673 3460 802 3553 sufficiat,
817 3463 866 3518 sed
877 3461 987 3520 tantum

53 3545 132 3602 simul
151 3544 269 3622 junctus,
291 3543 462 3620 dispensatio
486 3542 540 3600 erit
560 3541 657 3601 nulle:
679 3541 702 3600 si
716 3557 811 3601 autem
826 3551 890 3600 vere
904 3561 988 3600 ceusu

53 3647 82 3683 sc
96 3625 156 3683 sola
170 3626 313 3687 sufficiens
327 3637 380 3708 est,
395 3621 530 3690 Sanehez,
546 3622 697 3691 Bonecina,
720 3621 842 3698 Sylvius,
864 3625 916 3682 &m
931 3623 981 3683 dis

53 3707 244 3784 pensationem
256 3701 355 3784 putant
366 3704 503 3762 validam:
517 3717 602 3777 utque
613 3702 674 3762 brec
687 3704 834 3769 sententia,
849 3703 969 3780 siquidet

55 3807 110 3844 non
123 3807 160 3846 ex
172 3789 270 3846 fraude
283 3787 329 3848 vel
343 3785 460 3854 mulitia,
479 3785 531 3842 sed
545 3803 581 3842 ex
602 3783 782 3860 simplicitate
796 3785 868 3845 ιιι
861 3803 965 3860 ignorat

55 3869 94 3928 tia
116 3867 170 3928 hoe
194 3867 353 3944 contigerit,
378 3866 446 3926 ntis
469 3878 585 3943 apparet
608 3865 760 3942 probabilis
783 3885 819 3926 ιιι
836 3864 966 3948 ,praeeitm
