2188 4052
336 100 378 142 oa
400 99 607 158 vrannrraus.
825 159 828 164 Ι
883 82 939 140 111

49 244 84 304 R.
103 242 312 321 Distinguendo
324 265 447 322 assump.
459 219 650 322 probationis:
672 243 749 321 quod
762 243 798 302 de
822 263 889 304 aure
911 243 941 302 in

14 345 99 384 aurem
112 327 220 395 transit,
235 327 319 385 facile
332 328 474 397 alteratur,
489 326 512 384 si
527 327 612 386 nullas
627 327 684 386 sint
697 345 789 386 causat
803 325 840 384 ad
863 323 947 385 illius

14 408 242 466 conservationem
269 408 444 486 adjuvantes,
476 427 555 466 conc.
582 429 705 486 assump.
732 408 756 465 si
785 407 841 464 sint
867 405 940 464 tales

15 508 104 557 ausa,
117 507 192 566 nego
206 509 329 567 assnmp.
343 509 436 550 cansa,
457 503 550 548 autem
565 490 627 551 istae
641 502 707 550 sont
731 489 826 548 divina
847 487 940 565 provi·

14 571 107 634 dantia,
128 591 193 646 quar
208 571 367 630 Ecclesiam
391 571 464 647 regit
477 582 507 628 et·
521 572 666 648 gubernat,
686 583 812 636 veterum
827 569 939 647 scripta,

13 651 151 710 continuus
165 653 293 710 fidelium
307 673 394 712 usus:
415 652 534 719 accedit,
550 654 629 728 qudd
642 652 760 729 singulis
775 653 834 712 fere
848 650 939 710 antati-

14 735 55 790 lns
68 733 193 790 oriantur
205 753 287 792 novae
301 733 547 808 hae1·eses„qnibus
561 735 643 792 Deus
665 734 829 792 mirabiliter
848 733 939 790 utitur

13 815 269 874 ndnonservandam
285 816 422 876 Ecclesiae
443 816 598 874 doctrinam
622 829 719 874 contra
743 835 806 874 aas:
828 833 939 892 semper

11 895 84 954 itiam
98 894 116 952 a
129 897 197 954 Deo
211 897 381 956 suscitantur
394 897 445 953 viri
460 898 546 965 docti,
561 898 609 973 qui
623 898 777 956 doctrinam
790 895 938 966 Ecclesia,

13 976 221 1116 pp'rlitionesqna
234 980 362 1055 antiquas
375 979 544 1055 investigant
558 993 588 1038 et
611 979 770 1056 posteritati
794 997 937 1036 comman-

55 1070 75 1115 ι.

28 1179 58 1238 N.
77 1180 126 1240 68.
182 1181 240 1240 DE
262 1181 824 1324 PRAECIglgIIEISTRADITIONUM
845 1171 916 1240 RE·

182 1385 207 1456 1,
229 1385 352 1462 Regula
366 1387 552 1462 dignoscendi
565 1387 744 1446 traditiones.

12 1587 24 1644 d
41 1503 207 1566 SUNTNE
222 1509 324 1585 aliquae
338 1509 473 1587 speciales
488 1509 593 1586 regulae
606 1509 642 1567 ad
656 1508 865 1586 cognoscendas
878 1518 934 1566 tra·

25 1587 146 1646 inanes?

40 1667 62 1726 l.
76 1669 113 1726 R.
132 1669 320 1740 Affirmativd‚
336 1671 482 1747 solentque
496 1671 630 1748 assignari
645 1669 812 1748 sequentes·

41 1749 152 1808 Prima.
175 1750 208 1810 Si
232 1753 361 1811 universa
375 1753 506 1811 Ecclesia
530 1755 634 1830 aliquid
654 1767 786 1829 tanquam
808 1752 875 1811 fidei
888 1753 935 1810 vel

9 1849 103 1888 norum
119 1833 228 1930 dogma
239 1835 426 1929 amplectitur,
442 1835 548 1910 aliquid
563 1855 616 1893 usn
630 1835 832 1930 comprobavit,
858 1833 934 1911 quod

10 1933 77 1970 uento
97 1916 197 1990 potuit
220 1915 366 1974 instituere
390 1917 444 1974 nisi
467 1917 649 1986 solusDeus,
670 1916 766 1976 necin
783 1915 934 1994 Scripturis

10 1993 145 2067 invenitur,
160 1998 340 2057 traditionem
355 2018 415 2056 esse
431 1998 553 2056 divinam
568 2011 698 2075 oportet·
719 1999 804 2056 itav.
817 2016 845 2074 g.
867 2016 934 2073 cog·

11 2077 138 2134 noscimus
150 2078 275 2136 validum
291 2099 352 2138 essa
372 2079 517 2156 Baptisma
530 2082 719 2158 parvulorum,
735 2079 934 2139 Confirmatio·

11 2177 58 2216 nem
69 2169 97 2216 et
112 2159 253 2224 Ordinem
268 2181 325 2219 non
339 2182 421 2239 posse
435 2161 538 2231 iterari,
554 2167 606 2222 &a

40 2239 187 2299 Secunda·
210 2243 234 2300 ni
257 2263 320 2318 quae
345 2245 454 2314 veritas,
478 2263 535 2300 non
560 2255 692 2302 contenta
715 2243 744 2302 in
770 2243 932 2322 Scripturis,

12 2333 105 2398 recepta
132 2322 170 2380 sit
196 2323 224 2382 in
240 2323 378 2393 Ecclesia,
403 2337 432 2384 et
457 2325 483 2383 ei
498 2327 636 2386 contraria
650 2325 778 2384 doctrina
799 2337 933 2403 tanquam

11 2399 126 2461 heretica
147 2405 289 2475 damnata,
311 2407 405 2468 divina
425 2407 538 2465 traditio
563 2421 625 2467 estt
618 2408 712 2466 *talis
733 2419 777 2466 est
796 2419 934 2486 perpetua

12 2483 126 2560 Doiparae
142 2485 308 2563 Virginitas.

40 2566 148 2626 Tertia.
140 2571 239 2643 ·quod
252 2568 391 2627 unanimis
409 2567 461 2628 SS.
473 2569 589 2629 Putrum
604 2583 634 2630 et
643 2571 802 2630 Doctorum
815 2589 932 2630 consen-

12 2661 185 2786 susdtestatnr,
177 2651 360 2720 ,Ecclesiam
374 2653 409 2709 ab
425 2653 572 2730 Apostolis
586 2654 736 2732 accepisse,
751 2653 819 2712 ab'
800 2673 835 2711 ns
854 2653 932 2712 certo

12 2741 126 2786 tartum
141 2742 198 2790 est.
257 2770 260 2778 ι

39 2811 187 2875 Quarta*
189 2814 294 2878 ‘Quod
309 2815 437 2873 universa
451 2827 529 2873 tenet
538 2814 676 2885 Ecclesia,
687 2835 740 2874 nec
754 2815 783 2873 in
795 2814 931 2876 Consiliis

12 2893 77 2950 “nec
90 2893 183 2951 alibi
175 2896 334 2953 institutum
350 2917 411 2954 csse
425 2897 572 2974 reperitur,
595 2897 645 2954 sed
660 2917 771 2974 semper
790 2908 932 2956 retentum

11 2977 77 3043 “est
91 2995 150 3032 non
165 2976 220 3033 nisi
243 2976 412 3036 authoritate
428 2977 595 3054 Apostolici
618 2979 751 3036 traditum
776 2999 847 3047 esse,
871 2997 932 3036 cer·

12 3054 133 3114 “tissime
148 3057 289 3120 creditur:
282 3058 306 3094 ·’'
326 3059 411 3118 aitS.
439 3059 615 3136 Augustinus
639 3059 686 3118 lib.
706 3061 736 3120 4.
758 3073 855 3118 contra
868 3059 930 3120 Do-

13 3136 118 3195 antistas.

41 3217 260 3291 Observandum,
284 3221 324 3282 ait
346 3221 469 3301 Sylvius,
493 3242 528 3279 ex
552 3221 637 3281 tertia
665 3235 694 3286 et
715 3233 815 3300 quarta
834 3221 932 3300 regola

14 3299 105 3372 quidem
132 3301 240 3371 haberi,
264 3305 340 3378 quod
361 3303 467 3379 aliquid
491 3303 528 3361 sit
551 3304 684 3362 traditum
712 3305 747 3362 ab
771 3304 931 3382 Apostolis,

14 3319 49 3437 ind
59 3401 112 3439 non
128 3402 164 3440 an
179 3383 293 3442 traditio
307 3385 344 3442 sit
357 3387 427 3462 pure
442 3385 617 3462 Apostolica,
632 3398 716 3464 prout
740 3400 837 3446 contra
861 3387 933 3445 divi·

14 3481 59 3518 nant
72 3464 272 3541 distinguitur;
293 3479 361 3525 tunc
377 3467 443 3526 verri
466 3480 599 3526 noscetur
612 3487 674 3526 esse
694 3467 768 3537 talis,
791 3468 815 3526 si
836 3487 881 3526 res
895 3469 931 3526 ab

13 3537 114 3603 bumana
134 3559 274 3624 potestate
293 3549 417 3628 potuerit
438 3549 580 3620 constitui,
595 3562 628 3606 ut
648 3561 692 3608 est
706 3569 732 3606 v.
724 3569 773 3628 ..g
790 3549 931 3630 jejunium

16 3625 242 3704 quadragesimale.

42 3705 190 3771 (ὶιιίιιιιιιι
193 3709 295 3774 ‘Quod
310 3709 440 3769 Ecclesia
454 3711 583 3770 Romana
597 3723 674 3770 tenet
688 3723 819 3788 tanquam
844 3712 931 3770 tradi·

17 3787 145 3926 “tiopem,
158 3811 210 3869 pro
224 3793 274 3851 tali
288 3791 448 3853 babendum
463 3793 513 3853 est'
516 3793 572 3852 'ait
589 3793 619 3852 S.
630 3793 822 3872 Hieronymus
836 3791 885 3852 lib.
899 3794 929 3850 3.

16 3887 61 3944 cap.
90 3911 99 3928 .
