2248 4070
169 179 228 242 296
410 211 417 245 r
547 195 740 248 rascrsrcs
789 171 795 178 ’

210 341 260 402 Ad
273 341 340 419 quid
355 341 493 420 obligatur
506 341 563 412 ills,
578 343 627 418 qni
640 337 722 402 inane
736 341 810 400 circa
823 339 919 400 boram
942 340 1106 418 septimam,

169 437 294 484 octavam
310 424 355 482 vel
369 445 470 482 nonum
485 425 604 483 discedit
619 425 635 481 d
648 424 713 484 loco
722 424 771 482 ubi
786 424 887 482 festum
902 434 954 493 est,
964 421 1002 482 ad
1017 422 1107 480 alium

169 505 272 575 locum,
287 505 316 562 in
331 526 388 581 quo
402 507 462 564 dias
476 506 577 564 Festus
597 525 653 564 noo
676 517 728 574 est,
753 525 780 563 v.
795 525 822 581 g.
846 504 895 580 qui
918 505 948 562 in
962 505 1053 562 Festo
1079 502 1107 562 S.

170 587 306 646 Rumoldi
320 586 387 644 hort
412 600 509 646 octava
531 585 597 646 binc
617 586 737 646 discedit
751 585 947 663 Autuarpiam,
971 584 1025 644 ubi
1049 603 1108 642 non

169 681 214 726 est
228 667 365 728 Festum?

208 749 250 810 11.
264 749 302 808 R.
319 749 372 807 ille
385 768 441 806 non
455 759 549 826 potest
562 747 591 806 in
611 749 775 809 Torritorio*
789 747 989 808 Macblinisnsi
1010 749 1108 806 facere

170 849 255 907 opera
278 831 407 888 servilia:
438 831 542 908 poterit
569 843 664 890 tamen
688 830 738 890 illa
760 851 892 890 exercere
919 831 948 888 in
976 829 1109 894 Dioecesi

171 912 383 988 Antuerpiensi,
397 913 481 970 modo
495 932 552 970 non
565 912 724 970 discesserit
738 911 768 970 iu
781 913 906 970 fraudem
921 911 1001 988 legis.

211 993 410 1052 Ill.·Tenetnr
423 993 473 1052 illo
487 993 533 1057 die
547 993 644 1051 andire
666 993 796 1063 Missam,
820 989 901 1070 aequd
922 1013 956 1051 ac
973 992 1032 1061 ille,
1060 987 1109 1065 qui

170 1075 308 1152 praevidet
321 1094 352 1132 ss
366 1073 432 1132 bord
449 1075 547 1134 occet
560 1074 779 1152 impediendum,
804 1095 828 1132 r.
842 1093 870 1151 g.
893 1075 930 1132 ob
951 1091 1110 1152 superven-

171 1169 262 1214 turam
287 1155 395 1226 febrim.
437 1156 522 1218 Ratio
545 1168 597 1226 ost,
623 1156 699 1232 qubd
726 1157 859 1214 manserit
884 1167 1012 1232 tempore
1035 1152 1110 1212 satis

170 1237 288 1296 notabili
296 1249 325 1295 et
337 1237 402 1294 satis
413 1238 623 1296 accommodato
634 1239 669 1295 ad
680 1237 848 1296 audiendam
859 1237 978 1296 Missam
989 1237 1018 1293 in
1029 1235 1109 1304 loco,

73 1316 76 1323 '
171 1319 202 1376 in
226 1337 282 1395 quo
303 1331 363 1378 erat
387 1319 520 1394 obligatio
544 1319 664 1378 Missam
691 1319 840 1378 audiendi:
870 1339 937 1396 ergo
964 1317 1111 1378 contraxit

171 1399 370 1476 obligationem
384 1399 464 1456 istius
479 1399 548 1476 legis
561 1399 667 1458 localis.
1027 1401 1029 1408 ’

213 1481 448 1545 Probaturetiam
463 1500 499 1538 ex
521 1481 601 1556 praxi
625 1481 828 1550 timoratorum,
854 1499 917 1556 quae
941 1481 982 1540 sic
1004 1479 1110 1558 recipit

167 1564 255 1625 istam
278 1563 379 1639 legem,
402 1574 431 1620 et
451 1561 568 1640 proinde
592 1562 634 1620 sic
657 1562 818 1640 recipienda
840 1573 892 1620 est.
932 1563 978 1622 Ita
1001 1563 1120 1620 docent

172 1644 287 1714 ‘Saurea
312 1644 445 1712 Roudart,
473 1643 612 1720 steyaert,
634 1643 740 1713 Danas,
764 1643 898 1714 Anteius,
923 1644 1027 1714 Collet,
1057 1645 1120 1701 &a

175 1739 272 1790 contra
286 1725 389 1782 multos
405 1725 557 1784 Casuistaa.

214 1806 280 1883 Obj.
294 1807 318 1864 1.
333 1805 387 1864 llle
408 1826 464 1864 nou
486 1807 570 1866 debet
594 1806 766 1865 sanctificare
780 1807 867 1868 Diem
880 1806 996 1864 Festum
1019 1807 1111 1864 absti-

172 1889 266 1948 nendo
280 1889 314 1946 ab
328 1887 458 1964 operibus
473 1887 620 1946 servilibus
632 1889 693 1946 toti
714 1888 781 1946 dis:
801 1907 869 1964 orgo
888 1908 942 1947 noc
963 1887 1120 1947 audiendo

173 1970 308 2046 integram
323 1969 452 2040 Missam,
474 1969 616 2029 admenta
630 1969 774 2028 meridiem
789 1969 923 2028 discedat.
1119 1971 1120 2054 p

215 2053 252 2110 R.
267 2050 340 2126 Neg.
354 2070 466 2128 conseq.
488 2051 635 2126 disparitas
659 2062 711 2119 est,
736 2051 811 2126 qubd
834 2064 946 2127 tempus
969 2061 1001 2109 et
1021 2063 1120 2127 opera}

174 2132 286 2190 servilia
298 2131 354 2189 sint
368 2131 530 2190 divisibilia:
546 2144 589 2190 ast
603 2131 710 2190 auditio
722 2131 820 2190 Missa
834 2143 878 2190 cst
888 2144 966 2191 actus
979 2133 1112 2190 indivisi-

173 2213 237 2272 bilis
251 2213 280 2270 in
294 2213 391 2271 ordine
403 2215 440 2270 sd
454 2225 636 2290 praeceptum·
1119 2271 1120 2280 χ

213 2293 281 2371 Obj.
306 2294 346 2352 ll.
372 2294 426 2352 Ille
447 2315 504 2354 uon
526 2307 637 2354 tenetur
658 2293 756 2352 audire
776 2293 894 2354 Missam
918 2306 982 2354 ante
1007 2295 1120 2352 horam

173 2389 310 2445 octavam,
334 2395 398 2451 quae
422 2390 465 2436 est
486 2375 554 2434 bora
581 2374 738 2442 discessds3
758 2377 808 2434 sed
836 2389 983 2454 expectare
1012 2389 1113 2454 potest

173 2475 263 2534 usque
277 2459 313 2520 ad
327 2458 464 2516 decimam
478 2458 524 2515 vel
537 2457 735 2515 undecimam:
756 2457 834 2532 atqui
847 2457 915 2515 bord
928 2459 1040 2516 decima
1056 2458 1120 2524 erit¹

171 2539 202 2598 in
215 2539 345 2598 'Dioecesi
360 2539 567 2616 Antuerpiensi,
582 2539 611 2595 in
622 2557 677 2615 qua
690 2558 746 2596 non
760 2552 804 2596 est
817 2539 930 2608 festum,
944 2552 973 2598 ct
987 2540 1120 2616 proinde

173 2641 227 2680 nec
241 2621 374 2696 obligatio
385 2621 517 2679 audiendi
527 2620 663 2686 Missam:
678 2638 745 2696 ergo
755 2619 868 2678 illcnon
878 2633 991 2680 tenetur
1000 2622 1054 2678 illo
1065 2622 1120 2678 die

173 2703 271 2760 audire
285 2702 414 2760 Missam.
518 2725 520 2730 ’

216 2782 370 2840 Probatur:
385 2802 420 2842 so
428 2783 489 2858 ipso
500 2801 556 2858 quo
566 2782 643 2840 venit
650 2782 680 2838 in
690 2779 843 2840 Dioeeasim
860 2782 1120 2860 Antuerpienscm,

174 2863 308 2924 liberatur
322 2863 340 2921 a
353 2865 462 2940 legibus
477 2863 611 2921 localibus
625 2862 757 2922 territorii
772 2863 1004 2924 Mecbliniensis:
1030 2859 1120 2942 ergo,

176 2946 227 3004 &c

215 3026 269 3085 IV.
287 3027 324 3085 R.
340 3026 416 3086 Dist.
430 3025 562 3101 anteced,
579 3024 627 3082 ille
651 3045 708 3084 non
732 3036 844 3084 tenetur
868 3027 964 3086 andire
989 3026 1120 3104 Missam

175 3121 240 3166 ants
253 3107 349 3166 boram
371 3120 507 3175 octavam,
528 3106 682 3182 supposito,
708 3109 785 3183 qubd
808 3120 873 3184 post
894 3121 1020 3168 octavam
1049 3129 1120 3166 earn

175 3191 244 3248 velit
257 3203 287 3248 et
300 3190 389 3267 possit
403 3189 509 3257 audire,
520 3206 600 3245 cono.
614 3200 704 3246 antec.
719 3189 741 3244 si
756 3201 821 3266 post
834 3201 962 3248 octavam
972 3209 1029 3248 non
1043 3191 1120 3248 velit:

176 3283 225 3336 aut
237 3291 294 3330 non
307 3271 405 3350 possit,
420 3266 493 3346 nego
507 3281 597 3328 antec.
611 3269 679 3330 licat
692 3269 768 3328 enim
782 3271 811 3328 iu
821 3284 965 3348 praecepto
976 3273 1120 3330 deterosi-1

125 3369 134 3404 ν
175 3364 241 3411 nata
254 3373 310 3410 non
325 3354 362 3410 sit
376 3351 443 3410 bora
456 3365 562 3416 octava,
578 3351 662 3409 slebet
672 3364 766 3410 oemcn
777 3353 874 3412 audire
884 3353 1002 3410 Missam
1014 3353 1117 3428 aliquo

176 3447 313 3510 tempore,
329 3433 426 3492 osmod
439 3431 507 3490 hori
519 3433 565 3489 vel
585 3429 658 3490 aliie
679 3435 720 3491 sic
743 3453 797 3491 nec
821 3435 1025 3492 determinatur
1051 3436 1117 3492 dies

177 3534 228 3590 pro
242 3515 410 3588 obligatione
425 3513 637 3572 communionis
649 3513 802 3584 Psscbalis,
812 3527 941 3574 tenemur
949 3528 1047 3573 tamen
1057 3537 1120 3594 uno

178 3614 215 3652 ex
229 3594 386 3669 quindecim
401 3595 498 3652 diebus
513 3595 728 3666 communicare,
741 3608 773 3654 at
786 3596 899 3672 quidem
913 3597 1006 3672 primo
1019 3597 1071 3654 die
1092 3599 1120 3654 si

179 3675 240 3734 aliis
254 3693 310 3747 non
324 3676 450 3744 velimus,
464 3687 513 3732 aut
526 3695 577 3732 nos
591 3695 647 3734 non
663 3696 746 3754 possa
759 3677 974 3754 praevideamus.

81 3764 154 3808 Δ
221 3756 473 3832 adprobationem
487 3757 690 3838 respondetur:
711 3757 766 3817 boc
788 3760 898 3818 tontum
920 3777 1018 3818 vatum
1040 3777 1120 3828 esse,

220 3855 246 3892 m
262 3847 325 3894 anto
340 3837 492 3894 discessum
507 3837 704 3913 obligationem
717 3859 775 3898 uon
795 3841 954 3911 contraxit;
973 3861 1070 3910 mous,
1093 3843 1120 3898 si

236 3939 241 3975 ι
263 3917 439 3989 contraxerit,
463 3930 546 3994 prout
567 3921 736 3980 consuisse
756 3923 954 4000 probavimus;
974 3922 1120 4000 obligatio
