2216 4056
369 140 412 181 ns
432 141 595 187 amasam.
892 133 950 190 117

41 271 195 334 Instabis:
212 277 243 336 S.
257 279 379 358 August.
395 300 478 344 vocat
486 288 646 356 Ecclesiam
657 289 769 350 hortum
785 293 964 354 conclusum·

6 367 121 428 ropter
136 357 249 417 electos
263 362 313 419 lib.
328 367 355 421 5.
374 372 392 399 ‘⁶
403 369 438 425 de
455 370 617 447 Baptism0’'
632 394 693 450 cap.
709 377 756 433 27.
770 395 846 450 ergo,
862 378 915 435 &c-

40 435 78 491 R.
104 436 275 499 Ecclesiam
290 465 373 520 posse
387 449 428 506 sic
452 454 546 509 vocari
570 456 680 512 ratione
705 456 874 526 electorum
897 460 948 516 sed

2 513 142 576 Ecclesia
158 537 230 580 tunc
240 544 296 582 non
305 529 496 589 consideratur
506 538 659 594 secundirm
671 550 761 594 totum
774 559 883 616 corpus,
897 541 948 597 sed

1 601 163 658 secundum
180 618 293 679 partem
314 610 556 688 principaliorem:
577 631 675 676 notum
698 619 772 676 enim
797 636 849 688 est,
871 622 947 696 quod

1 679 33 734 de
57 683 169 740 eodem
199 705 318 763 corpore
343 693 417 751 varia
441 697 496 754 dici
518 699 626 775 possint
646 701 801 759 secundnm
824 703 948 760 diversas

1 763 258 825 considerationes.

37 845 87 900 An
102 863 279 922 ¹peccatores
294 853 379 911 etiam
396 859 536 918 manifesti
550 875 616 920 sunt
630 863 659 920 in
675 863 826 924 Ecclesia?
955 906 958 916 ·

36 924 95 983 Ill.
122 927 163 985 R.
196 931 267 988 lllos
294 953 350 991 non
379 959 440 996 esse
468 941 498 998 in
527 943 664 1011 Ecclesia,
693 948 850 1004 docuerunt
877 947 959 1004 oiim»

1 1002 158 1065 Novatiani
171 1024 204 1068 et
216 1013 386 1088 Donatistae,
401 1020 469 1078 item
485 1024 637 1100 Pelagium,
653 1029 701 1102 qui
715 1029 790 1086 solos
804 1029 945 1106 periectos

2 1083 143 1147 Ecclesiae
155 1092 373 1156 adscribebant:
388 1101 439 1160 hos
451 1124 557 1163 errores
568 1121 683 1166 secutus
695 1123 738 1167 est
749 1109 900 1178 Lutherus‚
912 1123 946 1168 ut

2 1183 109 1227 constat
125 1193 164 1228 ex
181 1195 268 1252 supra
282 1181 372 1248 dictis,
383 1198 412 1240 et
423 1187 574 1244 novissime
586 1191 756 1254 Quesnellus
767 1193 795 1248 in
806 1193 945 1250 damnatis
999 1193 1002 1202 ¹

1 1253 249 1326 propositionibus
263 1259 280 1315 a
294 1263 342 1319 72.
356 1267 390 1322 ad
404 1267 451 1324 78.
473 1269 557 1333 Quod
571 1285 665 1328 autem
681 1285 844 1350 peccatores
858 1274 944 1331 etiam

2 1334 152 1402 manifesti,
169 1335 276 1412 (modo
290 1363 345 1401 nou
359 1348 416 1404 sint
430 1369 464 1405 ex
479 1351 522 1416 iis,
538 1353 573 1409 de
588 1354 688 1428 quibus
704 1355 790 1412 Num.
802 1357 940 1432 praeced.)

2 1411 95 1471 sintin
114 1417 262 1490 Ecclesia,
278 1429 410 1500 probatur
424 1451 459 1487 ex
474 1433 567 1490 citatis
581 1455 665 1517 supra
680 1437 942 1512 comparationibus,

1 1492 124 1566 dearea,
140 1520 257 1575 sagena,
273 1507 326 1567 &a
367 1510 439 1568 item
455 1533 490 1570 ex
507 1513 612 1572 Mattb.
626 1515 697 1604 pap.
725 1522 770 1576 18.
791 1519 839 1574 ubi
859 1517 943 1596 jubet

2 1573 140 1647 Christum,
158 1595 194 1640 ut
209 1601 381 1660 peccatores,
396 1594 443 1668 qui
458 1595 575 1670 privatas
590 1599 759 1675 correptioni
781 1619 835 1656 non
850 1613 942 1658 atten-

1 1655 99 1724 derint,
117 1665 336 1728 deferunturad
353 1673 520 1739 Ecclesiam.
536 1699 619 1754 quam
634 1681 658 1736 si
673 1701 728 1738 non
743 1681 892 1752 audierint,
906 1703 944 1740 ex

1 1757 29 1796 ca
37 1741 228 1816 dejiciantur:
238 1755 370 1827 supponit
379 1776 446 1832 ergo
459 1757 599 1826 Christus,
609 1763 680 1820 tales
691 1783 752 1820 esse
761 1763 942 1822 qucclesia.

24 1821 103 1896 iquet
120 1825 211 1884 etiarn
227 1851 262 1886 ex
279 1835 305 1890 1.
319 1837 354 1892 ad
370 1838 436 1896 Cor.
451 1861 512 1917 cap.
527 1843 554 1898 5.
569 1842 597 1899 in
611 1843 768 1902 Ecclesiam
781 1845 941 1904 Corinthio-

0 1925 2 1950 ·
18 1924 53 1959 rm
72 1907 167 1964 finisse
182 1909 384 1986 incestuosum,
400 1940 482 1994 quern
500 1925 656 2000 Apostolus
671 1928 707 1984 ob
721 1925 845 1984 criminis
859 1945 940 1986 enor-

1 1983 128 2044 mitatem
150 1991 189 2047 ab
205 1992 335 2055 Ecclesia
347 2001 472 2058 abscindi
486 2003 576 2079 jussit.

35 2067 106 2144 obj.
127 2071 154 2128 l.
176 2073 260 2132 Isaiae
275 2097 336 2155 cap.
350 2083 399 2139 35.
415 2084 451 2142 V.
466 2067 493 2142 8'.
506 2088 609 2144 dicitur
622 2087 658 2145 de
672 2087 821 2147 Ecclesia:
845 2088 949 2148 “Noa'

1 2149 167 2210 “transibit
192 2174 243 2230 per
265 2177 325 2217 eam
348 2163 473 2238 pollutus
486 2164 510 2234 ;·“’
530 2169 565 2226 V.
582 2171 609 2228 9.
632 2169 731 2228 “Nou
755 2171 808 2228 erit
831 2171 871 2229 ibi
894 2172 948 2229 leo·

2 2230 57 2287 “et
88 2234 168 2292 mala
198 2237 289 2297 bestia
316 2263 372 2302 non
400 2251 535 2308 ascendet
560 2269 612 2330 per
639 2271 699 2309 earn
713 2252 738 2310 :’'
766 2273 834 2330 ergo
870 2254 946 2311 mali·

1 2327 51 2367 non
65 2328 138 2372 sunt
152 2316 184 2372 in
201 2318 338 2382 Ecclesia.
810 2357 818 2370 '
943 2355 947 2362 ’

39 2394 74 2451 R.
101 2398 151 2454 1⁰.
172 2399 263 2459 Jurta
278 2403 307 2462 S.
323 2409 399 2482 Aug.
413 2410 554 2470 indicatur
567 2426 657 2471 status
681 2414 819 2472 Ecclesiae
840 2417 939 2474 triam·

4 2469 131 2546 phantis3
154 2481 201 2537 2⁰.
223 2503 286 2540 cum
303 2487 420 2564 Sylvio:
442 2491 491 2550 illa
513 2514 570 2552 uon
592 2497 725 2554 dicuntur
749 2499 784 2554 de
800 2497 944 2568 Ecclesia,'

4 2557 46 2611 sed
60 2559 98 2616 de
114 2560 162 2618 ria
176 2561 265 2638 ipsius
282 2567 427 2641 Ecclesiae,
443 2595 491 2632 seu
507 2574 562 2652 qui
588 2578 645 2634 itur
668 2579 704 2636 ad
720 2577 887 2649 Ecclesiam,
908 2593 939 2638 et

4 2653 148 2714 perquam
164 2643 217 2712 illi,
243 2648 371 2722 quisunt
395 2656 424 2712 iu
441 2657 570 2716 Ecclesia
593 2660 725 2735 progredi
749 2661 872 2718 debent:
892 2662 938 2720 via

4 2731 92 2777 summ
108 2723 161 2781 illa
176 2726 221 2783 vel
236 2742 279 2786 est
295 2731 433 2806 Christus,
449 2739 493 2795 vel
519 2740 648 2797 salutaris
671 2741 799 2804 doctrina
818 2743 886 2800 fidei
907 2755 941 2800 et⁴

4 2815 119 2872 morum,
135 2825 221 2881 quam
236 2814 343 2887 praebet
360 2817 496 2878 Ecclesia.
532 2823 587 2878 Per
600 2822 671 2880 banc
684 2823 754 2882 viam
770 2843 826 2880 non
839 2825 940 2882 ambu··

2 2875 56 2938 lant
69 2886 177 2960 polluti
192 2901 222 2946 et
236 2892 391 2964 immundi;
413 2919 448 2958 ex
462 2901 516 2959 boc
530 2904 605 2960 enim
620 2904 757 2962 immundi
771 2918 845 2975 sunt,
861 2906 937 2982 qubd

2 2959 46 3019 isti
59 2966 115 3024 viae
130 2989 182 3026 seu
197 2972 333 3034 doctrinae
348 2980 414 3038 fidei
429 2995 458 3038 et
473 2997 581 3040 morum
596 3005 653 3042 non
668 2986 830 3044 inhaereant.
934 2987 937 2992 ⁸

40 3045 105 3123 Obj.
128 3051 168 3108 Il.
195 3051 242 3112 De
267 3057 397 3118 Ecclesia
420 3063 522 3122 dicitur
542 3067 684 3125 Canticor.
709 3089 770 3145 cap.
794 3069 824 3124 4·
848 3067 884 3125 V·
908 3069 935 3125 7·

7 3127 21 3155 ‘¹
35 3127 109 3186 Tota
122 3133 241 3207 pulcbra
255 3158 294 3208 es,
310 3144 400 3201 amica
414 3165 486 3214 maa,
501 3159 530 3204 et
544 3149 654 3206 macula
667 3169 723 3206 non
749 3161 792 3207 est
816 3149 845 3206 in
869 3161 899 3208 te
910 3149 935 3207 :‘’

7 3203 67 3264 item
84 3213 120 3268 ad
136 3213 245 3292 Ephes.
260 3240 322 3298 cap.
343 3225 370 3281 5.
387 3226 422 3284 V.
444 3229 492 3284 27.
534 3231 606 3290 “Ut
628 3231 774 3288 exhiberet
798 3229 858 3308 ipse
881 3231 935 3289 sibi

8 3289 183 3362 “gloriosam
200 3299 357 3362 Ecclesiam
374 3328 428 3364 uon
444 3307 593 3369 habentem
609 3313 748 3370 maculam
762 3325 811 3370 aut
824 3333 934 3390 rugam,

8 3372 23 3400 “
35 3385 82 3427 ant.
95 3375 200 3452 aliquid
220 3381 406 3458 liujusmodi.'’

44 3452 80 3509 R·
103 3457 145 3514 1⁰,
170 3461 300 3541 Uterque
315 3468 394 3527 locus
407 3474 484 3530 recte
509 3474 612 3552 exponi
635 3485 730 3551 potest
754 3476 790 3534 de
806 3475 935 3536 Ecclesia

8 3531 197 3611 triumphante.

45 3617 91 3673 '2⁰-
111 3620 140 3676 Si
154 3623 330 3702 intelligatur
340 3631 374 3689 de
390 3633 521 3692 Ecclesia
534 3635 681 3705 militante,
696 3651 790 3714 potest
804 3638 934 3696 Ecclesia

13 3691 59 3750 dici
73 3698 129 3758 sine
142 3709 256 3765 macula
270 3723 299 3767 et
313 3711 372 3770 sina
385 3735 456 3790 ruga
462 3717 577 3773 rationo
591 3719 677 3793 partis
700 3720 861 3795 principalis
882 3738 933 3774 seu

13 3776 102 3836 animas
116 3782 262 3861 Ecclesiae,
288 3813 351 3868 quae
376 3795 403 3853 in
421 3797 500 3866 Fide,
517 3797 582 3875 Spe,
598 3798 741 3858 Charitate
767 3798 931 3871 caeterisque
