2226 4064
183 95 244 154 ιιι
553 105 743 154 rnncrnrus

182 270 269 327 actus,
276 275 333 334 qm
323 257 398 315 'sub
411 256 503 334 legem
518 255 630 327 uadunt,
640 255 693 316 alii
717 266 783 314 sunt
804 276 840 316 ex
861 275 963 335 genere
986 263 1108 335 boniet

182 351 316 443 respectu
325 338 424 396 horum
444 351 525 396 nctus
549 337 619 414 legis
641 340 725 396 est“
736 338 889 415 imperare”
913 350 1002 400 seu“
1013 351 1100 421 praeci.

182 427 298 498 “peret
300 417 386 478 ”alii
411 419 485 488 mali,
510 431 539 476 et
563 431 693 496 respectu
716 417 815 476 horum
838 429 910 479 est‘
912 423 1100 527 ‘prohiberes'

181 503 230 561 alii
251 501 440 560 indifferentes
463 512 492 558 et
516 519 567 577 pro
591 499 634 557 bis
661 507 734 558 est⁴
737 503 951 577 ‘permitteret’
978 505 1101 584 (possunt

181 584 266 642 etiam
281 582 470 640 indifferentes
484 581 600 648 censeri,
616 581 706 658 inquit
726 580 819 640 hicS.
833 583 934 643 Thom.
957 587 1000 644 illi
1024 603 1100 660 actus,

180 665 307 741 quisunt
321 664 365 722 vel
379 683 476 741 pamm
491 662 558 720 boui
571 663 616 720 val
631 675 728 740 parum
742 663 820 735 mali)
835 676 864 722 ιι
884 635 1101 744 quandoquideni

179 747 225 804 lar
239 746 353 804 inducat
373 747 409 803 ad
433 743 622 802 obedientiam
644 763 697 822 per
719 744 849 804 timorem
872 766 971 824 prenae,
995 763 1102 811 eatenus

179 827 293 905 ponitur
306 839 386 885 actus
400 827 510 902 legis“
520 823 645 902 punirel'

220 909 261 968 ll.
275 909 371 968 Poenm
390 905 508 984 majores
522 917 597 975 eunt,
621 906 734 976 occisio,
748 907 928 978 mutilatiost
920 915 1108 984 incarceratio,

179 990 304 1059 exilium,
336 989 465 1058 infamia,
486 989 538 1047 duc.
565 987 634 1046 item
661 989 925 1062 excommunicatio,
953 996 1102 1071 suspensio,

178 1073 367 1140 interdictum,
378 1069 499 1148 privatio·
507 1069 659 1146 sepulturae
671 1070 886 1140 Ecclesiasticus,
897 1084 927 1130 ιι
936 1073 1001 1132 aliae
1011 1095 1102 1152 poenae,

178 1173 242 1231 quae
269 1153 392 1211 inlemnt
418 1162 618 1210 nocumentum
646 1153 682 1209 de
716 1171 747 1209 se
780 1152 967 1230 irreparabile,
990 1169 1108 1234 quiaque

177 1231 311 1292 tantum
300 1255 317 1292 s
330 1244 469 1311 potestate
483 1232 596 1309 publica
609 1231 696 1308 indigi
710 1246 838 1309 possunt.

190 1316 275 1374 ·.111
288 1315 423 1374 Lusiones
436 1325 510 1384 suut,
525 1333 587 1389 quas
602 1331 657 1370 non
671 1313 795 1372 inferunt
807 1328 1010 1375 nocumentum
1025 1319 1108 1377 de
1078 1341 1108 1380 se

177 1396 363 1475 irreparabile,
386 1396 435 1454 sed
463 1395 588 1454 afficiunt
615 1415 727 1454 sensum
755 1397 862 1468 dolore,
890 1410 923 1456 ut
947 1399 1108 1476 subtrahere]

178 1479 272 1538 cibum
286 1479 330 1537 vol
344 1490 452 1554 potum,
466 1478 611 1535 verberare
625 1477 718 1552 virgis,
732 1477 852 1554 flagello,
867 1499 960 1549 manu,
975 1482 1032 1540 &u
1107 1491 1108 1514 ¹

218 1560 319 1619 Preuas
333 1559 460 1628 leviores,
475 1557 559 1616 causei
572 1558 752 1616 correctionis
765 1571 795 1617 et
813 1560 969 1637 disciplinae
981 1541 1108 1638 indigere

177 1654 295 1719 possunt
322 1653 459 1719 parentes,
493 1649 610 1708 tutores,
645 1639 842 1743 ludimagistri,
868 1643 979 1719 aliique,
1011 1645 1108 1721 quibus

177 1724 294 1782 aliorum
308 1742 375 1781 cura
388 1721 537 1780 commisse
549 1732 612 1779 est:
633 1719 752 1798 majores
765 1723 833 1782 ιιιό
856 1743 950 1801 poenae
973 1729 1108 1803 potestati

177 1805 297 1882 publicas
318 1815 503 1862 reservantur.
1107 1835 1108 1840 κ

191 1885 353 1954 Observa,
377 1885 461 1960 qudd,
486 1883 538 1942 etsi
560 1883 712 1961 unicuique
736 1884 844 1944 licitum
872 1886 917 1954 sit,
945 1887 1006 1946 ime
1026 1889 1108 1946 etiam

177 1978 358 2044 preceptum,
373 1967 512 2043 corripere
525 1965 683 2042 proximum
708 1977 888 2043 peccantem
908 1967 987 2026 illum
1016 1975 1108 2034 mmcd

176 2050 322 2114 verberare
336 2067 391 2106 non
412 2047 466 2104 nisi
490 2045 602 2104 habenti
627 2047 748 2123 aliquem
769 2047 799 2104 in
820 2047 913 2125 ipsum
937 2039 1108 2132 potestateml

177 2130 270 2190 liceat.
310 2129 384 2188 Vide
400 2129 429 2188 S.
444 2127 498 2186 Th.
513 2129 540 2185 2.
555 2129 583 2186 2.
597 2141 696 2202 quaeet.
711 2131 976 2200 temneat

218 2212 340 2276 Quinam
355 2223 421 2268 sunt
434 2209 505 2286 legis
521 2208 663 2268 effectus?

193 2293 269 2352 lv.
286 2293 322 2352 R.
339 2294 483 2388 Respectu
496 2290 670 2350 subditorum
685 2290 802 2349 effectus
815 2291 886 2368 legis
900 2304 965 2350 sunt
975 2293 1108 2370 obligatio

176 2395 207 2433 ιιι
217 2375 396 2444 conserentis
408 2372 536 2431 rescissio
550 2383 674 2442 actuum,
690 2373 815 2430 debitum
830 2393 929 2450 poenae,
948 2393 981 2432 ac
996 2376 1108 2454 demum}

176 2457 268 2516 facere
282 2455 409 2516 homines
429 2442 525 2523 bonos,
550 2453 595 2512 vel
617 2453 781 2531 simpliciter
804 2466 834 2512 ιι
858 2455 1054 2532 undequaque,
1078 2465 1108 2518 ut

176 2538 244 2597 lecit
257 2538 304 2596 lex
318 2537 467 2604 charitatis,
482 2535 527 2592 vel
541 2536 695 2593 secundum
709 2536 777 2612 quid
791 2537 864 2594 etin
884 2552 961 2596 certa
982 2538 1108 2606 materis,

177 2621 253 2694 quod
267 2620 373 2678 faciunt
386 2619 449 2678 ata
463 2617 540 2694 legas
554 2615 744 2696 particulares.

302 2781 340 2840 N.
356 2781 401 2838 11.
442 2778 500 2838 DE
521 2777 805 2840 DIVlSlONIBUS
825 2779 985 2842 LEGUM.

210 2947 235 3004 1.
255 2945 423 3006 Diuisiorsss
436 2943 516 3020 lepis.
556 2939 597 3001 11.
616 2940 678 3002 Lau
687 2943 817 3020 pusitius
829 2952 857 3000 et
868 2946 1079 3022 emporitica
1107 3029 1108 3050 Χ

173 3136 177 3143 ’
220 3107 433 3174 QUOMODO
448 3105 582 3164 dividitur
594 3105 664 3163 lex?

220 3191 308 3268 Resp.
336 3191 381 3247 10.
405 3187 550 3247 Dividitur
569 3185 768 3264 generalitar'
760 3207 789 3245 ιιι
813 3187 969 3264 positivam,
996 3198 1027 3245 et
1052 3185 1108 3246 neti

178 3273 336 3381 positivam.
1107 3311 1108 3316 ,

220 3353 265 3412 20
279 3352 341 3412 Lex
354 3371 411 3410 non
424 3349 543 3445 positiva
557 3348 711 3407 dividitur'
704 3369 734 3406 ιιι
748 3361 880 3408 aeternam
894 3361 924 3407 et
943 3343 1108 3414 naturalem

219 3439 269 3494 30
282 3433 345 3492 Lex
357 3433 477 3510 positiva
490 3430 645 3490 dividitur
637 3450 668 3489 ιιι
688 3432 837 3509 positivam
859 3431 981 3492 divinam
1005 3444 1037 3490 et
1061 3429 1108 3496 bu

179 3533 297 3572 menam.

219 3597 266 3653 4⁰.
285 3595 349 3653 Lex
371 3594 490 3673 positiva
511 3593 605 3653 diviua
626 3593 765 3652 subdividi
787 3593 859 3652 solet
882 3593 912 3652 ιιι
932 3605 1059 3652 veterum
1086 3601 1108 3652 ιι

180 3693 300 3734 novam

220 3757 270 3813 50.
282 3755 345 3815 Lex
358 3755 478 3819 humans
490 3757 698 3820 subdividitur'
690 3777 720 3816 m
734 3757 970 3832 Ecclesiasticsm,
994 3755 1108 3836 civilem

181 3841 210 3894 et
218 3833 266 3915 jus
280 3838 414 3917 gentium.
