2216 4056
256 135 259 142 ’
352 138 395 180 or
414 135 577 180 mouscin.
620 163 624 170 ι
880 125 936 186 121

37 283 149 342 Dices:
164 282 334 344 inEcolsaia
341 283 471 344 &mma
479 295 523 342 est
533 284 618 344 etiarn
630 283 778 348 diversitas
786 287 940 347 doctrinm:

4 366 63 441 poia
78 366 219 424 doctrinm
234 365 456 436 Thomistarnm,
473 366 659 426 Scotintarum
674 379 704 427 et
717 367 940 442 Molinistnrnm,

4 467 23 504 n
37 447 143 506 multis
157 448 280 506 invicem
294 459 494 526 opponuntur:
516 467 592 524 ergo,
608 449 661 507 dte.

36 529 76 586 R.
94 528 177 606 Neg.
189 549 304 605 conseq.
319 547 382 587 narn
397 532 439 587 nti
453 530 560 588 dictum
575 541 628 599 est,
643 529 736 588 urtitns
749 531 816 591 fidei
827 545 857 593 et
870 535 941 593 doc·

4 611 76 668 rinna
86 609 118 668 in
130 631 166 670 eo
176 625 227 681 cst,
237 612 313 688 quod
322 610 460 670 Catholici
470 611 586 670 credant
593 612 691 670 eadem
702 613 769 672 fidoi
779 615 940 694 dogmatos:

4 693 39 750 nni
53 707 115 752 nou¹
128 693 221 763 obest,
235 693 310 769 quod
333 693 388 752 nint
409 693 528 750 (liveram
551 693 696 770 opiniones
718 694 832 766 scholae,
853 717 933 773 quas,

4 771 70 831 alni
85 775 155 844 fide,
173 775 302 833 Ecclesia
312 775 425 834 delendi
436 774 576 852 permittit
586 775 622 832 ad
632 775 758 834 veritatis
768 779 939 839 elucidatio-

4 875 68 924 nem,
83 870 116 914 ct
129 857 300 916 exercitium
314 855 481 924 scholarum,
497 875 560 932 qum
574 869 677 934 parata
692 869 758 917 sunt
780 861 830 918 uni
847 859 939 937 judici

4 935 128 996 Romano
144 939 280 997 Pontifici
293 951 323 996 et
338 937 475 997 Ecclesiae
496 938 642 1015 opinionon
667 959 731 998 suaa
751 942 938 1004 submittere:

4 1033 36 1076 tat
49 1019 183 1079 haerctici
196 1023 227 1077 in
240 1021 325 1078 rebn's
336 1021 371 1078 ad
382 1021 468 1078 fidem
479 1020 684 1098 pertinentibus
694 1023 873 1097 dissentiunt,
885 1046 939 1085 nec

4 1099 127 1172 indicem,
144 1103 193 1160 cui
207 1121 239 1159 se
252 1095 431 1170 submittann'
447 1115 611 1178 agnoscunt.

33 1184 85 1242 lV.
101 1184 160 1242 Est
175 1184 259 1242 etiam
273 1183 303 1240 in
318 1183 447 1242 Ecclesia
461 1201 614 1242 consensus
626 1203 677 1242 seu
689 1185 758 1243 unio
768 1187 937 1262 animorum,

4 1281 43 1340 par
66 1267 189 1324 modum
215 1265 429 1323 condonationis
450 1266 546 1322 ovium
570 1263 696 1341 ejusdem
720 1268 810 1337 ovilis,
834 1281 864 1328 at
886 1291 938 1348 per

4 1347 110 1404 nodum
127 1348 320 1418 membrorum
334 1345 459 1422 ejusdem
475 1346 608 1424 corporis.
642 1347 723 1405 ldam
734 1350 770 1407 de
780 1353 937 1410 communi-

4 1445 47 1486 one
61 1429 314 1488 Sacramentornnt
329 1442 359 1488 et
369 1427 567 1486 communione
579 1427 744 1488 Sanctorum
756 1432 840 1490 facile
849 1445 938 1510 patet.

12 1589 45 1650 Ν.
67 1593 118 1651 76.
162 1591 223 1650 DE
244 1591 360 1650 NOTA
379 1589 608 1732 ἒὲἓὲξὲῐῶ,
630 1591 720 1667 QUA
741 1591 919 1656 DICITUR

4 1833 21 1894 l.
34 1835 172 1896 Ecclerr'a
188 1845 232 1895 eet
241 1831 361 1896 Sancto.
382 1835 424 1896 11.
438 1834 599 1993 {amiate
611 1839 724 1916 capitit,
733 1837 932 1914 menbrorum,

464 1937 489 1977 c.

32 2083 55 2140 l.
80 2081 389 2142 SANCTITATEM
404 2101 465 2140 csse
477 2081 615 2140 Ecclesiae
628 2094 732 2152 nomm,
747 2084 881 2160 probatur
894 2088 929 2146 ad

6 2159 66 2240 dplr.
76 2183 141 2242 cap.
151 2167 182 2221 5.
194 2163 230 2221 V.
241 2165 290 2222 25.
299 2177 330 2221 et
339 2166 388 2221 26.
398 2163 553 2222 “Christus
561 2165 662 2222 dilexit
670 2163 836 2236 Ecclesiam,
848 2179 877 2224 et
885 2189 930 2227 se·

6 2245 112 2322 “ipsum
120 2246 248 2304 tradidit
261 2265 313 2322 pro
326 2263 371 2314 ea,
384 2256 417 2302 ut
430 2245 507 2304 illam
522 2246 709 2304 sanctificaret
717 2246 744 2304 :’'
754 2245 820 2306 hinc
830 2249 929 2308 fideles

7 2341 127 2386 locantur
142 2327 161 2386 a
178 2327 207 2386 S.
223 2327 309 2385 Petro
324 2327 415 2404 Epist.
433 2328 458 2384 l.
472 2346 532 2403 cap.
547 2331 577 2384 2.
598 2327 636 2385 V.
656 2329 684 2386 9.
705 2333 721 2362 ‘·
734 2327 834 2387 Genua
855 2331 931 2389 elec·

8 2413 92 2478 ‘turm
108 2429 180 2486 gens
194 2408 318 2467 sancta.’'
361 2409 483 2468 Accedit
496 2409 661 2486 Symbolum
673 2410 885 2486 Apostolorum,
897 2413 928 2471 in

9 2505 47 2564 po
59 2491 185 2550 dicitnr:
207 2498 225 2524 “
237 2491 330 2550 Credo
346 2489 475 2548 Sanctam
491 2490 649 2548 Ecclesiam
664 2490 866 2566 Catholicam.''

35 2573 112 2638 Quid
126 2574 262 2649 importat
274 2584 342 2629 nota
356 2571 493 2630 Ecclesiae
515 2578 533 2608 ‘⁸
545 2572 685 2632 Sanctitas
693 2571 725 2631 ?''

35 2655 73 2713 11.
88 2655 127 2712 R.
143 2653 211 2712 Non
222 2655 331 2712 tantdm
346 2651 479 2729 importat
490 2652 633 2712 Christum
649 2663 734 2731 caput
744 2665 774 2712 at
784 2667 927 2715 auctorem

11 2731 131 2794 ioclesioe
145 2755 210 2794 csse
224 2748 362 2800 sanctum,
377 2736 426 2792 sed
441 2735 524 2792 etiarn
539 2735 717 2793 sanctitatem
731 2734 875 2814 ltominum
897 2739 927 2795 in

11 2813 122 2875 loclesia
130 2816 502 2885 existentium‚aanctitatem
510 2815 665 2886 Doctrinae,
673 2817 925 2888 Sacramentornm,

12 2895 137 2962 lanificii.
152 2899 273 2974 Legum,
289 2899 342 2956 dcc.
360 2898 500 2956 miraculis
513 2899 723 2957 confirmatam:
744 2917 807 2974 quae
822 2900 925 2957 sancti-

13 2997 36 3036 ts
45 2981 147 3039 iterum
158 2999 213 3038 uon
223 2980 278 3037 nisi
288 2980 317 3037 in
328 2979 458 3038 Ecclesia
468 2991 563 3037 nostra
575 2980 721 3056 reperitur,
736 2999 800 3056 qum
814 2999 927 3056 semper

14 3061 382 3121 tabuitltominessnnctitnte
387 3061 563 3138 conspicuos,
570 3061 758 3138 quosipintat
763 3062 924 3118 Protestan·

14 3141 62 3201 ium
75 3145 257 3219 antesignani
272 3155 306 3202 ut
320 3156 431 3201 sanctos
445 3153 627 3220 agnoverunt,
653 3154 685 3200 ut
708 3143 804 3200 videno
826 3155 869 3200 est
893 3143 923 3200 in

15 3223 107 3284 littoris
119 3225 305 3284 vadationem
320 3225 506 3282 Illustrissimi
520 3225 648 3282 Bosnctii
662 3224 710 3281 lib.
724 3225 754 3280 3.
769 3222 855 3280 Num.
870 3225 921 3280 50.

16 3307 136 3385 ·onj.1‘.
158 3307 300 3366 Sanctitas
314 3307 383 3364 latet
396 3306 550 3374 inanima3
571 3325 638 3380 ergo
661 3325 719 3363 non
742 3304 864 3382 pertinet
886 3308 923 3365 ad
978 3311 981 3326 '

16 3399 73 3446 uus
87 3389 233 3457 melana,
247 3407 312 3464 qnae
325 3389 430 3446 debent
443 3407 504 3446 esse
518 3387 651 3444 visibiles.
852 3407 854 3414 ¹

39 3471 70 3529 R.
90 3471 229 3530 Sanctdas
253 3489 311 3527 non
338 3469 378 3528 ita
404 3470 482 3536 latet,
510 3470 576 3545 quin
602 3488 633 3526 se
659 3467 772 3544 prodat·
789 3467 921 3536 exterius,

26 3545 33 3556 '
60 3573 94 3612 ne
117 3553 235 3611 visibilis
262 3553 417 3610 secunddm
442 3571 508 3608 suos
531 3550 657 3618 effectus,
683 3548 767 3606 sicuti
789 3567 868 3607 mens
892 3552 922 3608 in

60 3635 103 3696 ino
117 3635 160 3693 'est
172 3633 331 3701 invisibilis,
346 3646 375 3691 et
388 3647 525 3690 tamense
539 3632 699 3690 manifestat
712 3649 763 3707 par
777 3650 879 3707 opera:
895 3643 924 3688 et
1036 3697 1043 3716 l

51 3717 116 3774 uvis
129 3716 262 3775 sanctitas
275 3715 359 3773 unius
373 3715 402 3772 in
416 3713 576 3791 particulari
590 3731 647 3770 non
661 3712 701 3769 ita
714 3713 792 3770 certo
806 3729 924 3786 cognos-

74 3799 266 3869 ‚sanctitatem
277 3809 373 3856 tumen
383 3796 520 3856 Ecclaslae
530 3795 658 3853 uidemus
670 3793 700 3851 in
710 3791 922 3856 communitate,

75 3882 211 3940 cernimus
225 3879 297 3940 odos
311 3891 451 3940 austerum
474 3878 561 3937 vitam
581 3888 705 3954 agentes,
728 3874 800 3934 alios
823 3870 922 3930 officiis

40 3961 234 4024 DeEcclctt'a.
447 3977 472 4019 M
