2224 4050
345 159 387 200 ua
408 159 613 203 vrnrurmua.
908 146 945 201 lu

25 304 71 382 pul
82 302 103 360 si
115 303 260 380 oppositio
273 303 310 362 sit
323 306 434 366 tautum
448 306 522 364 circa
535 307 610 364 faeta
627 305 764 380 quadam,
786 305 870 364 fidem
893 318 943 365 aut

25 404 173 444 meresuon
198 387 413 444 concernentia:
434 387 475 446 sic
498 387 585 462 aliqui
607 386 702 444 Sancti
726 386 754 444 in
779 388 867 444 extasi
890 387 943 466 (de

25 466 91 543 cujus
102 469 369 542 supernaturalitate
383 487 439 526 non
463 465 621 544 dubitatur)
646 467 789 526 Christum
814 469 944 527 viderunt

23 549 106 617 tribus,
118 547 181 617 alii,
196 560 318 624 quatuor
330 549 415 608 claris
429 550 612 608 crucifixum:
632 549 761 625 provenit
781 561 874 612 autem
888 549 943 608 boc

23 628 258 707 ipraeeouceptis
278 631 395 688 istorum
421 631 586 689 Sanctomm
614 630 799 706 opinionibus,
824 649 944 706 quorum

22 711 95 786 aliqui
107 710 212 781 tribus,
234 711 283 769 alii
304 723 423 788 quatuor
447 711 532 770 clavis
555 711 697 772 Christum
721 713 798 770 eruci
820 711 943 781 affixum,

22 793 66 850 sibi
77 806 281 868 repraesentare
295 805 511 852 consueverant:
532 794 607 850 undo
629 812 705 850 emor
718 792 767 850 ille
790 813 846 852 non
870 806 913 852 est
926 792 958 850 is'

22 874 84 944 Deo,
96 874 150 931 sed
166 873 305 942 aratura,
325 895 410 950 quam
423 875 504 932 Deus
517 875 548 931 in
566 873 703 932 similibus
724 875 865 932 extasibus
887 894 945 932 uon

21 975 116 1032 semper
126 955 262 1032 impedit,
276 971 332 1031 quo
345 956 437 1014 minius
451 956 556 1032 aliquid
577 968 641 1032 agat
660 957 816 1015 secuudum
834 955 943 1033 praeha-

21 1037 80 1094 bitss
98 1037 224 1114 species,
249 1039 317 1094 dum
338 1057 395 1096 uon
417 1057 585 1114 magnopere
605 1037 698 1106 refert,
721 1056 842 1096 errorem
862 1038 943 1094 illurn

20 1118 150 1178 dedoceri.
196 1119 232 1176 Id
245 1119 328 1178 variis
348 1119 487 1195 exemplis
506 1119 605 1196 probat
618 1117 721 1176 Daniel
736 1117 944 1196 Papebrocbius

20 1201 43 1257 in
54 1199 107 1256 suis
120 1201 163 1257 ad
180 1199 294 1258 Patrem
309 1199 502 1258 Sebastianum
516 1200 742 1276 responsionibus
754 1211 806 1258 art.
821 1202 869 1259 20.

50 1281 192 1342 Potestne
205 1281 262 1340 dici
275 1281 380 1357 aliquid
393 1281 573 1359 probabiliter
586 1281 622 1338 de
635 1281 715 1340 fide?

50 1361 100 1420 IX.
128 1363 175 1420 R.
208 1363 307 1421 Potest
330 1362 436 1439 aliquid
460 1363 516 1420 dici
542 1362 721 1438 probabiliter
747 1365 784 1422 de
807 1365 862 1422 fide
890 1364 944 1425 hoc

19 1463 98 1514 auru,
114 1444 199 1519 quud
214 1445 330 1502 dubium
344 1463 405 1503 esse
418 1444 507 1522 possit
521 1445 556 1502 de
569 1464 599 1502 re
613 1445 751 1520 quapiam,
766 1463 801 1504 au
815 1446 852 1504 sit
865 1465 944 1506 reve·

18 1528 72 1595 latu
93 1525 144 1590 rel
170 1546 208 1583 au
223 1526 354 1585 Ecclesia
373 1546 435 1584 eam
449 1539 481 1582 ut
494 1525 645 1583 revelatam
667 1539 821 1602 proponat:
842 1545 944 1606 nempe

19 1609 74 1683 quia
85 1608 122 1666 da
136 1607 332 1666 declaratione
343 1607 480 1666 Ecclesia
491 1607 536 1664 vel
547 1605 606 1683 ejus
617 1625 701 1666 seusu
711 1611 943 1669 controvertitur:

17 1689 144 1765 quamdiu
158 1701 258 1748 tamen
271 1689 332 1766 ipsa
345 1689 481 1748 Ecclesia
495 1685 647 1765 propositio
667 1707 724 1745 non
742 1702 786 1746 est
807 1690 861 1748 uisi
880 1711 947 1770 pro·

17 1771 114 1839 babilis,
130 1790 195 1828 uon
208 1770 250 1828 ita
262 1791 307 1828 res
321 1771 374 1828 ista
388 1771 423 1828 de
437 1770 493 1827 fide
507 1789 568 1827 esse
590 1781 727 1838 censetm,
747 1781 788 1839 ut,
812 1773 860 1847 qui
883 1793 945 1836 earn

16 1853 64 1910 fide
77 1850 179 1910 divina
204 1871 263 1910 nen
284 1852 393 1929 recipit,
415 1851 526 1909 violatu
547 1850 613 1908 fidei
634 1869 699 1908 reus
722 1851 789 1920 fiat3
809 1853 855 1909 eui
869 1856 945 1912 enim

16 1933 168 2012 propositio
182 1932 322 1991 Ecclesiae
336 1937 391 1990 nori
405 1933 459 1990 nisi
471 1931 621 2008 probabilis
635 1945 686 2002 eat,
697 1931 768 1990 illud
781 1933 838 1992 fide
851 1933 947 1994 divini

18 2016 121 2074 cudere
136 2034 200 2072 uon
214 2016 300 2074 debet
311 2035 326 2088 ι,
339 2015 397 2074 ime
411 2014 561 2090 nequidem
575 2026 668 2091 potest
681 2013 814 2089 quamdiu
835 2028 878 2074 est
891 2019 947 2096 ipsi

17 2097 108 2156 meritb
123 2095 204 2154 talia.

49 2179 93 2236 Ex
108 2177 200 2236 dictis
227 2187 313 2254 patet,
327 2176 433 2253 aliquid
456 2195 539 2254 posse
562 2175 618 2234 diei
640 2173 781 2252 objectum
801 2180 945 2240 materiale

16 2260 80 2332 idei,
94 2275 128 2320 et
142 2270 246 2320 tamen
257 2278 315 2317 non
328 2279 388 2316 esse
403 2258 438 2316 de
452 2259 517 2326 lide,
531 2257 640 2318 scilicet
652 2257 809 2334 obligante:
832 2261 897 2336 quia
909 2263 946 2322 ad

17 2343 83 2418 prim
96 2343 221 2410 suffieit,
237 2341 308 2399 illud
330 2339 440 2427 dparte
455 2339 495 2396 rei
516 2359 577 2397 esse
597 2339 751 2396 revelatum
776 2337 891 2412 isDeo;
911 2346 948 2402 ad
1047 2363 1051 2368 ·

16 2425 150 2502 posterius
166 2425 239 2482 verti
253 2423 366 2499 insuper
386 2420 544 2496 requiritur,
558 2433 591 2478 ut
612 2419 655 2478 vel
677 2421 712 2478 ab
735 2421 864 2480 Ecclesia
882 2443 947 2502 pro·

17 2519 130 2583 pensem
155 2517 294 2581 tanquam
317 2503 382 2573 tale,
406 2502 452 2562 vel
475 2502 575 2560 saltem
598 2501 710 2560 aliunde
737 2515 856 2575 constet,
884 2525 946 2570 esse

17 2588 178 2648 revelatum.

49 2669 86 2727 X.
107 2670 199 2728 Patet
226 2666 320 2734 etiam,
342 2655 483 2742 quomodo
504 2663 609 2740 aliquid
636 2660 726 2739 possit
752 2663 875 2742 incipere
903 2671 949 2731 vel

18 2751 140 2809 desinere
156 2768 224 2808 esse
237 2749 274 2806 de
288 2748 352 2816 fide,
364 2747 471 2805 seilicet
485 2747 625 2821 obligante
639 2743 723 2802 etiam
738 2744 883 2806 Catholici
898 2770 949 2808 sau

19 2831 184 2900 mirersali;
207 2849 266 2887 nou
281 2827 360 2904 quasi
373 2827 491 2886 mutatio
511 2829 591 2884 fieret
604 2826 632 2882 in
652 2825 800 2895 revelatis;
820 2830 871 2887 sed
884 2833 951 2905 quia

18 2913 169 2971 revelatum
186 2923 223 2968 ut
236 2909 293 2968 tale
307 2908 549 2986 nonpropositum
563 2908 597 2966 ab
612 2905 748 2977 Ecclesia,
769 2921 862 2984 potest
875 2929 951 2972 uuae

19 3009 46 3052 ut
63 2995 122 3054 tale
136 2992 274 3072 proponi,
298 3003 381 3070 prout
401 2990 503 3067 smpius
524 2989 628 3048 accidit
648 2987 677 3046 iu
692 2988 845 3063 Conciliis:
865 2994 950 3056 etiam

19 3090 112 3136 contra
124 3075 190 3134 lieri
201 3085 307 3151 potest,
319 3072 478 3149 quodlicet
491 3083 555 3128 ante
569 3083 602 3128 ut
615 3069 767 3128 revelatum
778 3074 951 3148 propositum

19 3159 108 3227 luerit,
133 3175 216 3214 nune
238 3157 275 3212 de
288 3155 338 3213 illa
358 3152 547 3230 propositione
566 3169 623 3208 non
643 3151 762 3227 amplius
782 3167 901 3227 constet,
923 3169 953 3215 at
1051 3201 1053 3209 .

19 3240 53 3298 sit
67 3238 185 3298 desinet
199 3249 265 3296 esse
279 3237 316 3295 de
328 3236 385 3294 lide
399 3234 548 3310 obligante.

7 3379 9 3446 l
95 3400 207 3460 uia.
250 3375 308 3458 aa
330 3392 728 3457 caruero-sonuum
749 3393 873 3456 naar.

7 3551 41 3638 ll
65 3563 219 3640 oejm
228 3559 464 3640 samosatae
504 3559 545 3618 11.
563 3556 731 3634 Ειιρνιιια
744 3559 857 3617 wia».
898 3562 955 3622 111.

55 3647 121 3706 Da·
147 3645 315 3706 melantia.
366 3642 418 3700 lv.
439 3639 508 3700 Non
535 3641 601 3718 ipsa
627 3638 770 3696 revelatio.
820 3639 857 3700 V.
883 3641 957 3713 ραι

55 3727 175 3786 mutulen
188 3735 231 3787 est
244 3725 440 3785 coaditiesinc
453 3741 514 3798 qua
527 3740 594 3780 noe.
628 3719 943 3791 VI..anzsodecredu

7 3819 11 3944 p
58 3820 108 3867 tur
134 3811 206 3888 ipsu
230 3807 375 3870 revelatio.
429 3802 498 3862 Vll.
527 3801 692 3860 Existurtia
720 3801 779 3860 Dei
806 3809 833 3858 et
852 3803 931 3878 prin

7 3961 9 3995 l

60 3893 179 3954 veritas.
