2240 4060
427 165 615 222 necuere.
642 153 646 164 “
935 153 1003 214 «403

88 265 147 330 vl.
166 265 259 339 Nota,
274 265 354 348 qubd
367 266 473 348 gratie
486 269 582 348 gretie
595 267 740 346 datnper
753 284 786 328 te
798 287 858 328 non
873 266 1001 330 reddant

34 341 202 405 hominem
218 345 286 406 Deo
309 355 448 425 gratnm3
471 363 539 406 nant
553 355 726 424 peccatores
744 365 795 406 eae
808 345 919 407 habere
953 367 1000 408 ne·

36 433 128 494 sunt,
150 433 185 483 ut
205 425 329 484 Balaam
351 423 443 484 Num.
462 425 510 484 et.
525 424 653 502 Caiphae
667 425 756 486 Joan.
770 445 805 484 ca
825 467 833 484 .
851 426 919 485 ll.i
942 445 1001 505 qne

34 503 207 562 manifeste
231 504 319 563 docet
343 502 452 580 Apoet.
479 501 797 582 l.udcor.cap.18.
842 507 893 564 ,2.
933 515 952 545 “
968 507 1001 568 Si
1064 569 1066 576 ,

37 588 62 616 “
82 581 218 640 habuero
243 581 447 660 Prophetiam,
468 585 519 640 &c
533 579 708 641 charitatem
722 592 822 645 autem
836 583 1005 645 non-habu*

38 665 62 734 ‘⁸‘
80 658 147 732 erb,
168 659 242 718 nihil
256 660 346 720 sum.''

88 735 182 798 Unde
204 737 371 808 concludes,
392 755 457 796 cum
479 737 510 798 S.
529 737 638 798 Thom.
650 737 717 796 loco
735 740 785 798 cit.
802 749 858 800 ert.
878 743 907 800 5.
921 742 1003 820 qudd

37 818 149 953 grat?
159 827 280 954 gratum
297 817 415 888 facient,
430 817 470 876 sit
482 815 577 876 multb
586 815 790 891 excellentior,
805 821 894 898 qnam
903 821 1002 898 gratia
1105 861 1107 864 -

104 905 144 955 te
180 907 236 954 ata.
431 917 435 926 ·
535 905 538 912 '
704 909 708 916 '
913 929 917 936 -

36 912 199 1048 ngualis
219 985 265 1034 eet
278 973 377 1053 gratia
389 973 522 1045 actualis,
544 974 603 1052 qud
615 984 754 1053 peccator
768 973 873 1054 incipit
885 995 919 1038 ee
932 997 1001 1041 eon·

40 1063 172 1113 vertere
185 1053 222 1112 nd
238 1054 350 1124 Deum,¹
368 1071 405 1111 nu
419 1055 514 1130 gretie
528 1053 606 1123 data,
627 1073 664 1114 au
678 1064 799 1132 guum
810 1054 948 1117 faciens?

89 1129 131 1192 R.
152 1133 210 1191 Est
233 1133 332 1210 gratie
352 1139 472 1210 gratum'
490 1131 611 1202 faciens,
652 1135 703 1192 uia
716 1133 871 1193 ordinatur
883 1135 922 1194 ad
936 1134 1001 1207 boc,

41 1217 81 1268 ut
97 1209 189 1270 homo
203 1211 256 1269 fiat
269 1220 373 1288 gratus
387 1211 456 1274 Deo
470 1218 501 1270 et
509 1209 621 1289 justus,
632 1151 711 1272 licet
724 1230 779 1290 per
791 1230 856 1272 enm
870 1213 1004 1275 noudum

40 1297 119 1348 actu
127 1287 321 1369 justificetur.
417 1292 421 1300 ’

99 1507 142 1572 N.
159 1511 187 1569 2.
221 1509 282 1570 DE
303 1505 538 1571 DIVISIONE
559 1503 742 1568 GRATIAE
764 1507 954 1572 GRATUM
1058 1447 1067 1466 Ι

408 1585 655 1646 FACIENTIS.

123 1853 127 1860 ,
205 1784 857 1861 s.ru0m.r.2.qcoec.111.·arc1,ece.
984 1877 986 1884 Ι

49 1967 78 2026 Ι.
100 1965 218 2025 Divisio
237 1962 348 2022 Grctioe
383 1959 425 2020 ll.
438 1959 743 2098 ἕναὲιιιαιᾍασίεπιίει
762 1961 804 2054 'In
825 1959 1003 2034 habitualem,

475 2057 510 2097 nc
613 2080 621 2096 .

97 2165 123 2226 1.
144 2158 409 2224 MULTIPLEX
433 2157 522 2220 detur
539 2157 645 2235 gratiae
658 2159 785 2218 divitior
805 2159 849 2218 ric
862 2159 1006 2222 dividitur

50 2248 85 2304 in
102 2244 234 2322 ¹gratiam
254 2241 414 2298 increatam
429 2247 461 2298 et
473 2248 614 2308 creatum,
634 2237 697 2298 eive
711 2237 792 2315 quod
806 2238 885 2298 idem
899 2249 955 2310 eet,
975 2241 1007 2300 in

51 2323 185 2402 gretiam
210 2339 249 2379 ex
267 2329 353 2397 parte
371 2317 519 2395 principii,
543 2327 575 2374 et
588 2335 627 2375 ex
641 2326 727 2394 parte
740 2316 876 2394 subjecti,
896 2317 934 2376 de
948 2337 1008 2398 que

52 2402 151 2463 Num.
175 2397 364 2479 precedenti.
414 2395 570 2466 Diuiditur
591 2396 682 2456 etiem
705 2395 734 2457 in
754 2406 919 2464 externum,
940 2415 1007 2476 qnae

52 2481 207 2539 hominem
231 2475 348 2535 tuntum
373 2475 542 2534 extrinsece
562 2473 662 2543 efficit,
681 2483 716 2532 nt
738 2483 807 2532 eunt
830 2473 1008 2536 Prtedioetie

53 2557 228 2635 Evangelii,
257 2552 487 2621 Mireculabc.
510 2551 595 2612 etin
619 2554 748 2630 gratiam
762 2552 1007 2633 internamque

54 2638 208 2698 hominem
222 2631 461 2692 interibeefficit.
650 2679 654 2686 .

99 2715 332 2776 Gratiainternu
341 2709 485 2769 dividitur
494 2709 524 2768 in
536 2707 663 2787 gratiam
674 2711 768 2787 gretie
778 2708 888 2783 datam,
902 2710 1010 2792 deque

55 2795 89 2854 N
91 2813 153 2854 um.
166 2791 356 2871 precedenti,
378 2790 452 2848 etin
466 2787 594 2866 gratiam
608 2797 726 2865 gratim
740 2787 908 2849 facientem.

100 2869 261 2946 Quomodo
274 2867 420 2928 dividitur
431 2867 530 2944 gratie
542 2877 661 2946 gratum
674 2866 810 2926 faciens?

81 2952 144 3010 ··11.
166 2951 205 3010 R.
221 2951 267 3008 1⁰.
288 2947 324 3006 In
337 2946 465 3024 gretienr
476 2944 657 3004 habitualem
667 2955 700 3004 et
709 2943 864 3004 actualem.
905 2947 1011 3010 Gratia

56 3029 220 3090 habitualis
234 3026 380 3086 dividitur
393 3025 423 3082 in
437 3024 575 3102 primam,
598 3041 664 3101 qnae
678 3023 716 3082 de
731 3023 842 3101 injusto
854 3023 927 3086 lacit
945 3026 1011 3104 jue·

56 3121 135 3180 tum,
150 3119 182 3167 ct
195 3107 225 3164 in
236 3105 363 3184 gratiam
374 3102 543 3174 secundam,
578 3121 624 3162 ure
634 3111 680 3162 eet
690 3111 881 3179 augmentum
895 3105 1010 3182 gratim

54 3188 192 3266 facitque
202 3185 240 3247 de
250 3184 334 3262 justo
343 3180 513 3260 justiorem.
555 3123 794 3242 dntiuntuulis
805 3180 950 3274 diyiditnr
961 3185 1011 3262 ge,

59 3267 93 3326 in
114 3265 243 3344 gratiam
268 3271 441 3341 operantem
466 3267 497 3318 et
518 3261 746 3337 cnbperantem:
776 3261 825 3317 20.
838 3277 869 3318 ιιι
882 3261 1011 3338 gretiam

59 3343 295 3424 praevenientem
317 3349 348 3398 et
372 3337 621 3416 subsequentem:
651 3339 700 3394 30.
720 3336 751 3396 in
776 3338 956 3398 excitantem
980 3350 1012 3401 et

61 3422 269 3502 adjurantem
291 3420 340 3478 4⁰.
353 3417 591 3478 insufficientem
606 3425 638 3476 et
650 3415 797 3476 efficacem
809 3437 817 3474 r
837 3417 886 3475 50.
900 3417 929 3476 in
943 3437 1012 3496 gra·

59 3503 134 3562 tiam
156 3498 325 3560 intellectde
349 3505 381 3558 et
403 3495 583 3574 ingratiam
605 3493 784 3554 reluctatio:
815 3497 956 3556 6⁰..item
979 3498 1010 3556 in

60 3581 190 3660 gretiam
204 3577 294 3658 primi
307 3575 413 3645 stettin,
426 3593 481 3636 eeu
493 3574 589 3634 enter
602 3572 788 3648 innocentie,
802 3583 833 3635 et
844 3575 873 3640 in
884 3575 1012 3655 guttum

60 3659 183 3721 secundi
197 3657 303 3731 statice,
324 3673 377 3720 eeu
390 3653 486 3716 etetile
499 3663 614 3714 nature
625 3651 725 3732 lupen.
