2216 4056
167 137 226 200 124
376 207 381 218 ,
439 154 486 198 ao
509 153 711 198 reserarunt
732 153 774 196 oe
795 153 879 196 eros.

203 299 246 360 ΙΙ.
268 299 306 360 R.
328 301 450 362 Ratione
464 301 614 360 Doctrinae
636 303 671 360 ab
693 301 840 380 Apostolis
862 308 997 376 accepte,
1019 285 1099 373 euml

162 383 282 442 eundem
297 403 409 461 semper
422 383 538 443 refloruit
552 395 582 440 et
595 384 728 442 retinebit
743 383 873 442 Ecclesia
885 395 989 450 nostra,
1010 381 1052 438 sic
1069 369 1099 435 ot

164 465 200 522 ab
218 465 423 542 Apostolorum
437 477 565 542 tempore
579 485 669 541 usque
689 483 764 524 nunc
788 463 899 522 ostendi
922 481 981 519 non
1004 461 1099 538 possit„

164 565 220 622 qua
233 546 263 604 in
277 567 317 616 re,
332 549 455 624 quando,
469 548 518 605 ubi
532 557 562 605 et
576 545 593 604 d
606 567 663 623 quo
676 547 782 624 aliquid
797 547 872 604 circa
885 544 1054 602 Doctrinam
1066 543 1099 598 sit

164 627 357 688 immutatum.

204 709 263 768 ΙΙΙ.
284 710 331 769 2⁰.
353 709 469 768 Dicitur
482 709 670 787 Apostolica:
691 710 757 788 quia
780 709 816 768 ub
831 708 981 786 Apostolie
1003 723 1099 784 propu-

167 791 310 867 geralde.

206 872 258 930 IV.
280 875 328 930 3⁰.
352 872 520 951 Apostolica
544 873 665 932 dicitur:
699 873 764 949 quin
791 871 876 931 habel
896 868 1099 929 successionem

165 953 323 1046 legitimam
338 966 368 1014 et
388 974 444 1012 non
470 955 652 1032 interruptam
668 955 873 1032 Episcoporom
894 951 1054 1030 praesertim
1076 950 1099 1044 in

165 1033 544 1193 {retenensi
558 1035 1100 1196 testemtested

166 1191 184 1230 ‘⁴‘
199 1217 263 1256 suas
278 1198 420 1256 Dominus
435 1199 651 1266 commendavit,
661 1219 750 1276 usque
761 1201 797 1257 ed
807 1211 977 1276 praesentem
987 1195 1100 1272 Episool

166 1285 184 1318 ‘⁴
199 1291 295 1356 patum
311 1280 453 1338 successio
469 1280 681 1338 Sacerdotem.”
1099 1285 1100 1322 l

202 1361 245 1418 Ν.
266 1360 312 1419 4⁰.
334 1361 460 1419 Vocatur
482 1361 666 1438 Apostolicar
689 1363 754 1438 quia
773 1360 922 1422 Cathedrae
937 1359 1028 1428 Petri,
1050 1359 1100 1428 sind

169 1441 236 1502 sedi
252 1442 390 1502 Romanae
414 1444 432 1500 is
451 1443 537 1500 Petro
562 1445 688 1501 fundator
702 1445 844 1501 indivulse
864 1441 1011 1500 adhaeret:
1033 1439 1100 1497 undt

167 1537 196 1581 et
212 1524 353 1602 Papistioo
366 1525 402 1582 ab
416 1524 580 1582 adversariis
594 1526 753 1604 appellatur
766 1525 888 1602 glorioso
910 1543 980 1581 sanc
1001 1513 1100 1599 improl

172 1625 261 1681 peno.
1099 1617 1100 1630 ¹

211 1686 257 1744 Ex
283 1698 351 1746 noto
380 1687 517 1746 Ecclesioe
545 1687 702 1747 Catholicae
729 1700 759 1746 et
798 1686 976 1763 Apostoliree
1013 1683 1100 1742 licebit

169 1780 266 1825 contre
293 1766 440 1826 haereticos
467 1769 511 1826 uti
539 1783 705 1846 argumento
733 1769 903 1828 Tertulliani
938 1768 1012 1824 libro
1046 1765 1100 1820 “de

170 1857 187 1881 ‘⁶
205 1849 485 1927 Praescriptionibus”
500 1870 561 1927 cup.
585 1855 634 1910 37.
656 1871 760 1928 eosque
784 1851 889 1926 alloqui
913 1847 975 1925 ejus
999 1847 1100 1904 verbis:

168 1937 187 1963 ‘⁶
203 1931 261 1995 Qui
277 1932 345 1990 estis
360 1933 432 1990 vos?
455 1934 567 2007 quando
580 1945 609 1990 et
631 1935 706 1992 unde
731 1933 873 1990 venietis?
894 1949 959 1987 mea
980 1942 1027 1987 est
1048 1947 1100 2005 pos·

171 2020 188 2045 “
204 2013 301 2083 sessio,
330 2013 398 2072 olim
426 2013 566 2090 possideo,
594 2015 670 2092 prior
696 2014 836 2092 possideo,
872 2012 962 2070 habeo
988 2011 1101 2090 origine

130 2104 134 2110 '
171 2101 189 2128 “
204 2096 297 2154 firmas
321 2096 356 2153 ab
379 2095 448 2172 ipsis
470 2094 636 2153 authoribus
649 2097 673 2166 ;’'
695 2109 724 2154 et
747 2115 808 2172 cap.
834 2097 883 2152 32.
905 2093 1036 2150 “Edant
1059 2089 1101 2172 oril

172 2181 190 2209 “
205 2177 283 2252 gines
299 2176 489 2234 Ecclesiarum
511 2197 633 2244 suerum,
659 2178 790 2236 evolvant
811 2175 937 2234 ordinem
954 2173 1101 2251 Episcopct

172 2264 190 2290 “
205 2277 267 2316 rum
282 2277 406 2326 suorum,
420 2257 460 2315 ite
474 2278 524 2335 per
537 2260 730 2318 successiones
744 2260 780 2317 ab
801 2254 882 2314 initio
905 2258 1101 2314 decurrentem

172 2345 191 2372 “
206 2352 237 2396 ut
251 2338 359 2416 primus
373 2339 421 2396 ille
438 2339 596 2417 Episcopus
611 2341 732 2417 aliquem
747 2359 782 2399 ex
798 2338 946 2418 Apostolis
961 2337 1007 2396 vel
1020 2341 1101 2415 Apos

173 2426 191 2454 ‘⁸
207 2420 300 2478 tolicis
314 2420 390 2478 Viris
405 2419 535 2478 habuerit
548 2421 725 2481 autlrorem.”

214 2501 261 2562 Ex
274 2502 357 2564 dictis
372 2501 497 2578 colliges,
514 2504 589 2578 quod
613 2505 723 2562 novitas
746 2503 776 2560 in
791 2501 922 2560 Ecclesia
945 2499 985 2558 sit
1009 2499 1101 2557 odiost

174 2595 203 2640 et
217 2583 367 2658 antiquitas
382 2583 566 2651 venerabilis3
580 2603 613 2642 ac
627 2586 752 2662 proinde,
763 2584 838 2660 quod
848 2581 1005 2658 antiquitus
1015 2580 1101 2638 Eccle

175 2665 224 2721 siae
238 2683 294 2721 non
309 2665 468 2740 siesignum
492 2665 644 2724 debilitatis
659 2668 704 2726 vel
718 2665 857 2736 defectis,
872 2666 923 2723 scd
938 2663 1058 2732 roboris,
1072 2661 1101 2717 fir

175 2745 281 2804 unitatis
295 2765 328 2805 ac
342 2746 537 2824 perfectionis.x

176 2915 179 2922 ·
285 2909 386 2998 nro.
428 2911 485 2970 on
508 2879 760 2972 crescone
782 2909 1007 2972 sconsum.

176 3074 200 3134 1.
214 3073 339 3134 Initium
349 3072 495 3133 Ecclese'oe.
529 3073 569 3133 11.
583 3073 716 3134 Ecclesia
726 3083 879 3154 camon
888 3072 1101 3157 deficerem

217 3236 498 3304 QUANDONAM
511 3237 618 3314 incepit
632 3238 788 3297 Ecclesia?

217 3318 242 3376 1.
264 3319 300 3377 R.
321 3319 450 3378 Ecclesia
463 3320 674 3394 generalissime
687 3333 804 3397 accepto
816 3319 924 3396 incepit
938 3315 955 3374 e
973 3315 1099 3375 creation

177 3399 366 3474 Angelorum,
380 3399 445 3458 cum
458 3401 487 3457 in
501 3403 553 3458 sua
566 3403 707 3460 creatione
721 3401 881 3478 acceperint
894 3400 982 3458 fidem
1002 3411 1034 3455 et
1057 3413 1101 3474 gra

178 3480 256 3548 tum,
273 3491 305 3538 ut
319 3481 426 3539 dictum
441 3495 484 3539 est
497 3483 526 3538 in
541 3483 636 3540 Treot.
658 3491 677 3518 ‘⁴
690 3484 726 3541 de
741 3483 835 3558 Deo.'’

220 3559 350 3618 Ecclesia
363 3562 393 3618 in
407 3563 488 3620 terris
504 3563 635 3633 militans,
652 3583 715 3640 ques
739 3563 953 3622 funthmentom
977 3559 1067 3618 habet
1090 3557 1100 3612 i

182 3637 297 3698 Christo
311 3642 496 3717 redemptore,
511 3645 617 3724 incepit
630 3645 648 3704 a
670 3647 768 3724 primis
792 3645 954 3725 perentibus
969 3641 1067 3700 Adam
1091 3657 1101 3694 ε

182 3720 245 3778 Eva
258 3721 468 3798 penitentibus.

222 3801 351 3860 Ecclesia
364 3803 429 3858 noti
443 3804 618 3864 Testamenti
632 3807 743 3866 initium
758 3807 878 3888 sumpsit
889 3805 1005 3867 Christo
1018 3801 1101 3878 incip?

180 3894 244 3946 ente
258 3882 410 3960 predicere
424 3883 454 3942 io*
467 3887 557 3958 terris,
572 3889 684 3964 quaudo
697 3890 783 3949 etiam
797 3891 876 3965 rard,
891 3902 923 3948 ut
946 3897 1059 3946 moeret
1084 3903 1100 3940 e
