2248 4070
373 157 581 214 manserunt
885 143 952 208 368,

48 301 216 362 Notandum
226 314 330 372 tamen,
343 301 457 361 hicnon
471 323 534 362 esse
548 301 712 379 scrupulose
726 304 945 380 procedendum,

9 386 59 444 sed
73 386 177 444 debere
191 385 311 462 intelligi
322 386 357 446 de
371 397 450 460 parte
463 385 558 460 aliquo
570 385 655 446 modo
668 385 785 442 notabili
799 386 829 442 in
844 387 945 444 eadem

9 467 135 534 materia,
150 467 216 542 quia
230 467 258 524 in
273 466 423 524 moralibus
437 485 534 543 parum
550 485 601 542 pro
615 465 703 524 nihilo
717 478 871 544 reputatur.

50 548 174 616 Deinde,
190 548 257 606 calm
269 567 347 626 saepe
371 547 568 623 difficillimum
591 547 629 604 sit
650 547 844 615 determinare,
866 567 901 606 an
916 559 945 607 et

10 649 157 704 quousque
182 629 244 704 quis
268 628 359 705 legem
383 648 494 686 servare
517 628 615 704 possit,
638 649 664 686 v.
692 649 720 706 g.
743 629 887 688 infirmus:
908 631 945 688 ad

9 710 188 786 gravissimos
213 710 392 768 conscientiae
411 711 558 786 scrupulos
580 709 734 778 evitandos,
753 709 817 786 jure
839 731 945 788 praeau-

10 791 96 848 mitur
110 792 148 849 de
162 803 255 850 mente
269 792 341 866 aequi
354 791 546 865 Legislatoria
561 811 625 848 eurn
641 793 677 848 ad
691 805 808 868 partem,
823 794 890 851 dum
904 793 945 852 ita

9 873 136 948 rigorose
149 873 235 949 quari
250 874 343 944 debet,
358 873 482 950 obligate
497 891 553 931 non
567 873 649 935 velle.

193 1080 302 1176 ,rim
345 1115 570 1176 aararrrro
592 1117 752 1176 anavrs

47 1278 266 1344 QUOMODO
282 1291 374 1338 cessat
387 1279 434 1338 lex
447 1282 457 1340 i

49 1361 87 1420 R.
106 1361 151 1420 1⁰.
168 1361 223 1420 Per
236 1363 443 1439 abrogationem
460 1373 550 1420 cessat
563 1373 623 1419 tota
636 1361 683 1419 lex
697 1361 727 1418 in
745 1360 903 1419 uniuersali.

48 1445 98 1499 2⁰.
116 1443 172 1502 Per
184 1443 367 1502 irritationem
378 1457 469 1504 cessat
480 1443 526 1502 lex
538 1443 581 1502 vel
590 1461 654 1520 pars
663 1443 733 1516 legis
747 1442 944 1513 inuniversali.

49 1527 94 1582 3⁰.
106 1525 169 1582 Per
176 1525 391 1600 derogationem
405 1538 497 1584 cessat
510 1544 573 1600 pars
587 1525 657 1599 legis
672 1525 700 1582 in
714 1525 873 1594 uniuersali.

50 1607 99 1664 4⁰.
119 1607 175 1664 Per
190 1606 338 1682 Epilreiam
355 1623 445 1664 cessat
459 1607 504 1663 lex
519 1605 547 1662 in
562 1605 722 1682 particulari
736 1625 832 1682 casu„

47 1689 99 1744 5⁰.
114 1687 172 1746 Per
180 1689 417 1748 ,communicem
432 1687 583 1746 cessatlex
596 1688 642 1746 vel
652 1707 721 1764 ‚pars
734 1687 805 1763 legis
828 1687 858 1751 iu
882 1687 945 1754 uni-

13 1769 119 1838 uersali,
144 1769 232 1845 idque
255 1770 416 1848 dupliciter,
442 1769 551 1830 scilieet
572 1769 617 1844 viai
637 1769 831 1840 dominantia,
852 1781 882 1828 et
902 1768 947 1838 sia

13 1851 240 1928 prascriptionis.

49 1935 99 1990 60.
109 1935 253 1994 ¹Cessante
266 1933 322 1993 line
338 1932 415 2010 legis
429 1931 509 1992 totali
531 1930 734 2002 inuniversali
750 1942 848 1995 vcenseat
861 1931 947 1995 etium

13 2013 100 2075 lexin
114 2014 276 2074 universali.

50 2095 98 2154 7⁰.
124 2097 261 2156 Cessante
285 2095 341 2152 fine
363 2095 434 2172 legis
456 2094 536 2152 totali
560 2093 590 2152 in
612 2093 775 2174 particulari
792 2093 946 2167 uontmmd,
983 2111 990 2126 ⁸

13 2188 102 2236 cessat
116 2178 203 2236 etiarn
217 2178 264 2238 lex
278 2177 306 2234 in
321 2176 490 2254 particulari.
940 2181 943 2190 '

48 2261 100 2316 8⁰.
115 2260 174 2318 Per
187 2259 423 2336 dispensationem
438 2268 529 2320 cassat
543 2257 590 2316 lex
604 2268 665 2316 tota
677 2257 723 2316 rel
737 2255 797 2336 ejas
811 2277 875 2336 pass
889 2277 949 2321 res·

17 2353 101 2416 pectu
115 2341 238 2410 illorum,
253 2341 418 2416 quibuscum
433 2351 476 2398 est
490 2339 690 2416 dispensatum·

56 2423 106 2480 9⁰.
121 2421 366 2499 PerPrivilogium
378 2433 469 2484 cenat
477 2434 542 2480 tota
551 2422 599 2480 lex
609 2421 654 2480 vel
668 2419 804 2499 ejuspiam
818 2433 948 2498 respectu

18 2503 195 2580 privilegiati.

58 2588 127 2642 10⁰.
141 2586 197 2644 Per
209 2579 393 2644 mutationem
416 2584 542 2644 marene
564 2583 608 2642 vel
631 2581 751 2662 subjecti
775 2583 878 2644 desinit
902 2585 949 2645 lex

17 2666 71 2726 obli
126 2687 152 2725 e.

59 2685 130 2806 lglll'r.
143 2747 236 2825 Leges
249 2767 305 2806 non
319 2747 460 2806 irritantes
474 2745 578 2804 cedunt
602 2747 771 2817 necessitati,
795 2747 853 2806 sive
872 2748 949 2824 legas

20 2827 148 2890 bumana
175 2849 232 2888 non
249 2828 383 2904 obligant
411 2847 474 2886 curn
499 2829 625 2904 periculo
647 2829 723 2896 vitre,
743 2849 840 2906 <neque
863 2831 948 2888 etiam

19 2911 205 2980 communicer
218 2931 283 2970 cum
297 2909 422 2988 pepioulo
437 2909 550 2968 minoris
564 2910 668 2980 damni,
693 2911 818 2988 exceptis
840 2912 951 2971 casibus

22 2993 109 3052 Num.
124 2994 174 3052 45.

58 3061 228 3150 Quotuplici
241 3073 326 3132 modo
340 3073 385 3133 lex
400 3069 521 3130 humana
535 3071 738 3132 constituitur?
862 3108 864 3119 ι

60 3156 99 3214 R.
114 3155 241 3232 Duplici,
260 3156 305 3212 1⁰.
323 3155 379 3212 Par
391 3173 549 3231 expressam
565 3153 736 3221 voluntatem
758 3151 952 3232 chislatoris,

23 3249 69 3297 aut
82 3237 303 3306 communitatis,
314 3236 363 3296 ubi
376 3233 438 3294 bac
448 3249 494 3294 est
508 3235 634 3311 superior
645 3255 666 3294 a*
675 3237 722 3292 2⁰.
730 3235 789 3294 ,Por
802 3248 952 3302 comnena·

23 3318 115 3376 dinem
129 3329 190 3376 tum
205 3317 250 3376 vii
265 3317 459 3386 conniventia,
473 3328 534 3378 tum
550 3310 835 3395 visiprmscriptionis.
914 3357 916 3362 -

62 3401 249 3464 Quandonam
264 3399 326 3476 quis
340 3398 440 3475 incipit
452 3398 515 3474 lege
530 3397 668 3474 obligari?

64 3481 102 3539 R.
116 3481 196 3540 Dum
211 3482 273 3558 lege
287 3481 382 3540 debite
395 3477 583 3558 promulgati,
604 3479 667 3556 quis
689 3479 787 3558 incipit
805 3499 867 3548 esea
889 3479 956 3539 aab·

25 3561 99 3620 ditus
112 3562 281 3639 Legislatori
295 3563 323 3620 in
338 3562 454 3620 materia
467 3562 548 3620 istius
562 3559 642 3637 legis,
656 3563 718 3620 siva
729 3562 758 3620 id
781 3562 830 3628 liat
848 3561 956 3620 ratione

26 3643 88 3714 loci,
98 3645 160 3702 siro
173 3645 281 3704 ratione
295 3643 411 3704 alterius
424 3643 602 3704 conditionis.
644 3643 718 3704 Vide
742 3643 830 3714 Num.
854 3644 902 3700 bi.
926 3653 956 3699 et

25 3738 183 3802 Quantos.
