2226 4064
359 193 401 236 nn
421 193 568 250 caereus.
891 178 949 236 271

67 337 128 416 onj.
142 337 195 396 list
218 348 397 415 precepnrm-
409 338 482 416 juris
506 349 613 398 natnrae
634 337 752 396 reddere
772 337 950 415 depositum:

32 422 99 498 atqui
126 433 218 478 tamen
247 421 317 477 illud
344 421 493 497 aliquando
520 441 577 478 non
601 433 644 478 est
671 420 863 478 reddendum:
884 441 952 500 ergo

32 515 193 583 preceptum
208 501 278 570 illud
287 501 359 579 J'uris
373 518 480 562 naturas
494 517 538 560 est
552 501 695 560 mutabile.

68 587 100 642 Ρι.
115 583 191 640 Dist.
213 582 276 659 maj.
299 585 414 642 reddere
437 585 596 661 depositum
622 596 665 641 est
688 595 861 660 praeceptum
879 583 952 661 juris

32 679 128 726 naturas
151 665 300 740 adaquare
325 684 498 741 expressum,
519 685 584 742 neg.
611 664 674 742 maj.
700 665 876 740 inadequate
900 687 951 744 exf

31 767 157 826 pressum,
172 746 213 804 ita
225 759 257 802 ut
282 748 424 823 expressio
448 748 497 808 illa
518 749 640 824 patiatur
661 747 850 822 exceptiones,
873 767 951 806 conc.

32 826 87 906 maj.
114 847 165 904 pro
194 848 250 903 quo
277 843 352 898 nota,
380 828 718 906 aliquaspropositiones
746 847 807 886 esse
834 827 951 885 nimium

31 909 173 987 generales,
188 909 227 967 ita
239 923 272 966 ut
281 909 329 986 jus
353 924 460 968 naturas
483 911 512 968 in
537 911 592 968 illis
614 910 759 985 adaequate
783 929 838 966 non
861 911 952 987 expri·
1000 917 1003 922 '

31 1005 135 1050 natur:
151 991 357 1068 propositiones
382 1005 476 1050 tamen
499 991 556 1048 illae
581 992 712 1050 dicuntur
732 989 804 1067 juris
827 1005 953 1060 naturae;

31 1074 87 1150 quia
95 1071 143 1149 jus
157 1087 265 1132 naturae
279 1073 308 1130 in
323 1073 377 1131 illis
391 1074 483 1132 locum
509 1073 594 1134 habet
614 1079 632 1107 ‘⁴
644 1086 675 1132 ut
696 1073 725 1129 in
748 1072 899 1149 pluribus‚'’
924 1088 953 1144 et

32 1156 86 1231 quia
99 1174 177 1230 saepe
187 1154 306 1224 ¹difficile
319 1167 371 1224 est,
387 1155 526 1226 dictamen
536 1154 608 1232 juris
628 1169 735 1212 naturae
757 1155 910 1230 arlaequatis
925 1168 954 1214 et

31 1235 145 1314 praecisis
159 1237 286 1310 terminis
299 1237 470 1331 exprimere..
505 1237 547 1298 Ut
561 1237 590 1294 in
602 1257 670 1294 casu
691 1251 862 1313 praeceptum
881 1235 954 1314 juris

32 1332 127 1376 naturae
141 1301 289 1394 adaequate
303 1318 514 1394 exprimeretur,
525 1319 582 1376 dici
593 1319 724 1376 deberet:
740 1318 899 1394 depositum
911 1333 954 1376 est

32 1399 207 1468 reddendum,
222 1400 288 1458 dum
303 1400 374 1458 illud
387 1399 588 1470 rationabiliter
607 1399 782 1476 repetitur..

66 1480 157 1539 Simili
182 1481 266 1540 modo
289 1495 461 1558 praeceptum
487 1481 555 1540 Noa
582 1499 713 1540 ooc1nns
736 1481 856 1558 intelligi
871 1481 955 1558 debet

33 1583 87 1620 cum
103 1561 157 1620 hac
172 1563 327 1634 clausula:
334 1569 351 1596 “
364 1563 476 1622 Privata
489 1561 683 1622 authoritate?

67 1643 104 1702 ll.
119 1643 200 1702 Hinc
213 1657 276 1703 orta
287 1629 330 1702 ast
344 1644 489 1704 diversitas
503 1645 631 1720 quedam
645 1663 781 1738 apparens
805 1644 955 1702 sententia-

32 1745 103 1783 rum:
124 1725 214 1801 aliqui
228 1725 302 1785 enirn
317 1725 427 1784 cnmS.
442 1725 552 1786 Thema
566 1725 685 1784 dicunt'
673 1746 722 1803 Jus
743 1738 852 1782 naturas
864 1719 955 1819 ‘posse

33 1806 127 1864 mutari
150 1807 179 1864 in
203 1807 345 1884 principiis
367 1807 491 1878 remotis,
515 1809 566 1865 sed
589 1807 750 1902 intelligunt
772 1807 955 1866 mutationem

33 1889 178 1966 improprie
192 1889 427 1960 distentatione
451 1888 560 1948 scilicet
583 1889 746 1948 mutationis
770 1889 893 1946 materiae
908 1902 956 1946 aut

33 1970 305 2040 circumstantiarum,
334 1971 480 2047 osquam
506 1969 645 2047 objectum
669 1969 778 2028 desinat
802 1989 865 2048 esse
884 1967 956 2045 juris

32 2065 151 2110 naturae:
172 2052 221 2110 alii
247 2053 315 2112 vend
343 2053 489 2113 nobiscum
513 2065 625 2128 negant,
646 2050 695 2128 jus
721 2064 828 2109 naturae
856 2051 956 2108 mutari

31 2153 114 2212 posse,
130 2147 230 2209 estque
244 2131 289 2193 hic
303 2133 434 2209 loquendi
449 2134 551 2192 modus
558 2133 709 2192 hodiedum
721 2133 808 2208 magis
819 2147 956 2210 receptus.

70 2217 114 2272 Αιι
130 2216 260 2290 equidem
276 2235 325 2292 per
339 2215 435 2274 Deum
450 2215 495 2273 lex
514 2229 620 2274 naturae
636 2215 736 2272 mutari
750 2233 805 2270 non
820 2215 953 2290 potest?

66 2296 122 2354 llI.
141 2297 177 2356 R.
192 2295 266 2372 Neg.
279 2296 345 2372 quia
368 2297 484 2356 materia
499 2294 572 2373 juris
595 2309 703 2356 naturae
717 2308 767 2354 ¹est
791 2297 954 2362 necessaria,

32 2382 83 2438 sire
96 2377 156 2448 illa,
181 2397 244 2455 quae
258 2391 322 2436 sunt
339 2377 411 2455 juris
424 2392 540 2448 naturas,
562 2377 745 2436 necessariam
766 2375 869 2434 habent
891 2397 956 2436 cnut

32 2460 127 2520 divinis
141 2460 283 2518 attributis
296 2461 520 2521 conformitatem
531 2460 576 2518 vel
587 2459 815 2536 repugnantiam
830 2449 956 2532 adeoque

33 2545 131 2602 debent
145 2541 300 2602 necessario
314 2541 428 2618 praecipi
443 2554 491 2600 aut
505 2539 653 2618 prohiberi.
705 2603 707 2611 s

68 2623 134 2701 obj.
149 2623 266 2682 Furtum
281 2636 324 2680 eat
330 2622 407 2698 jure
421 2636 528 2682 natnrae
551 2622 741 2699 prohibitum:
762 2621 839 2696 etqui
862 2635 956 2680 tamen

34 2705 107 2764 Deus
123 2705 226 2774 effecit,
253 2717 285 2767 nt
298 2705 403 2763 turtum
418 2704 553 2768 Israelitis
567 2705 675 2764 licitum
691 2717 773 2774 esset,
789 2703 883 2762 Exodi
897 2724 958 2780 cap

36 2790 75 2846 12.
89 2806 167 2863 ergo,
182 2786 234 2844 &c

69 2869 104 2926 R.
135 2867 208 2942 Neg.
239 2867 306 2924 mia.
333 2886 390 2924 non
418 2867 492 2924 enim
524 2841 658 2926 israelite
674 2866 723 2923 ibi
759 2866 957 2923 commiserunt

33 2953 146 3020 lurtum,
158 2950 222 3008 oiim
231 2948 312 3008 Deus
323 2947 478 3022 Supremas
487 2949 648 3008 Dominus
641 2969 670 3006 in
684 2968 781 3006 omnes
795 2968 839 3004 res
850 2962 957 3006 creatas

33 3031 77 3090 illa
103 3033 177 3088 bona
205 3030 348 3097 israelitis
366 3030 558 3102 concessisset,
587 3031 683 3107 sicque
711 3050 762 3087 sna
785 3049 841 3085 non
868 3027 958 3088 aliena

34 3112 165 3182 lsra'elitae
179 3111 335 3189 capiebant

68 3195 119 3253 IV.
136 3194 235 3270 ltaque
249 3193 320 3253 bene
333 3193 497 3262 notandum,
509 3194 593 3270 qund,
608 3192 661 3252 etsi
675 3212 730 3250 non
745 3193 834 3287 possit
847 3191 969 3250 admitti·

35 3276 147 3335 mutatio
164 3273 236 3352 juris
251 3287 376 3368 tanturm,
401 3275 511 3332 admitti
534 3288 627 3333 tamen
650 3275 781 3333 debeat
775 3295 803 3330 m
831 3275 957 3351 pluribus

35 3357 138 3415 casibus
159 3355 278 3414 mutatio
292 3355 425 3424 mater-ire,
440 3356 515 3414 circa
529 3376 611 3432 qnam
627 3356 673 3412 lex
687 3369 794 3422 naturae
816 3370 957 3412 versatur:

36 3439 70 3496 sic
84 3439 111 3496 in
126 3457 192 3500 caan
206 3437 316 3514 objecto
330 3451 437 3496 mutata
451 3451 494 3494 est
508 3437 623 3496 materia
643 3437 795 3494 formaliter
808 3437 837 3494 in
862 3437 959 3494 ordine

36 3521 64 3576 ad
79 3521 182 3578 furtum
195 3543 202 3586 ;
217 3533 245 3578 et
260 3520 323 3578 ideo
337 3519 418 3576 initio
426 3517 508 3596 hujus
521 3517 638 3576 Numeri
655 3519 794 3576 diximus:
811 3517 959 3582 “alienen-

37 3609 51 3634 “
66 3601 139 3660 tibus
153 3601 267 3663 materie
282 3613 310 3660 et
325 3601 540 3674 circumstantiis
553 3621 609 3660 non
624 3600 762 3658 mutatis.'’
