2228 4076
155 68 215 128 196
407 112 413 122 .
533 84 725 128 reserares
770 97 776 118 ι

195 229 236 288 ll.
257 229 302 288 Ex
315 241 395 306 parte
410 231 476 289 terh
489 229 609 308 subjecti
629 231 686 289 ssu
703 229 845 307 diligentis
858 227 977 288 charitas
999 237 1087 306 potest

155 331 217 370 esso
231 313 356 389 perfecta
369 313 527 389 tripliciter.
795 355 798 362 .
1095 335 1096 398 p

200 397 244 450 10.
265 394 387 457 Quando
401 407 492 452 totum
507 415 555 453 cor
568 395 689 452 hominis
702 413 814 470 semper
835 391 983 450 actualiter
1007 392 1096 462 fertur}

154 475 184 531 in
196 475 310 548 Denm3
330 477 380 532 sen
394 475 456 534 haec
469 489 512 534 est
526 477 663 554 perfectio
684 475 829 532 charitatis
852 474 963 542 Patriae,
987 493 1051 549 quae
1064 473 1088 528 iu

155 557 201 614 via
214 556 357 634 possibilis
370 559 485 616 nou'est
499 560 535 616 ob
549 559 638 617 varias
663 557 746 635 hujus
770 557 841 614 vitae'
859 555 1046 614 necessitates
1065 565 1088 611 et

155 639 365 714 occupationes.

197 724 247 776 2⁰.
262 721 341 778 Dum
357 719 440 777 horno
451 721 575 778 studium
585 741 667 778 suum
679 721 795 797 deputet
801 720 841 776 'ad
851 717 1011 778 vacandum
1022 718 1087 784 Deo,

154 801 351 880 praetermissis
366 802 436 871 aliis,
451 803 505 860 nisi
520 804 683 878 inquantum
698 801 849 860 necessitas
868 802 934 858 vitae
948 799 1088 878 praesentis

155 884 262 959 exigit:
278 895 306 940 et
321 883 382 940 haec
396 885 532 960 perfectio
546 904 699 960 paucorum
714 897 765 950 est,
777 884 906 959 adquam
916 897 1014 940 tamen
1026 879 1089 954 aspi·

155 983 217 1022 rare
232 965 335 1022 dehent
351 965 551 1033 Ecclesiastici‚
574 965 728 1044 presertim
745 963 893 1042 Religiosi,
917 965 967 1040 qui
992 973 1088 1020 statum

156 1046 337 1123 perfectionis
351 1047 474 1124 amplexi
491 1061 566 1105 sunt.

198 1131 244 1186 8⁰.
257 1127 378 1191 Quando
392 1129 455 1204 quis
469 1128 648 1186 habitualitcr
661 1141 752 1186 totum
767 1127 909 1203 conponit
923 1126 953 1183 in
969 1125 1045 1193 Deo,
1058 1125 1091 1182 ita

155 1221 189 1267 ut
203 1207 272 1266 nihil
288 1211 394 1286 cogitet
406 1222 457 1268 ent
470 1211 539 1268 velit
553 1211 655 1268 divinoe
670 1211 725 1286 legi
736 1209 857 1286 graviter
870 1227 1048 1285 repurgatum
1066 1217 1090 1262 et

157 1289 221 1348 heac
235 1292 371 1367 perfectio
385 1292 541 1350 communis
552 1305 595 1350 est
606 1293 735 1369 omnibns
744 1291 909 1348 charitatem
920 1287 1090 1347 habentibus

198 1371 246 1429 An
262 1372 381 1431 charitas
394 1374 448 1431 riae
462 1385 556 1451 potest
570 1394 631 1432 esse
641 1387 698 1432 tam
712 1375 845 1451 perfecta,
858 1371 943 1448 quium
958 1371 989 1427 in
1006 1369 1089 1428 Patria

158 1453 218 1511 eive
232 1455 260 1510 in
276 1455 370 1512 coelo?

197 1535 255 1593 111.
279 1537 318 1594 R.
338 1535 466 1595 Charitas
479 1535 630 1595 habitualis
643 1536 672 1594 in
693 1536 739 1594 vin
762 1547 805 1594 est
827 1532 1020 1592 essentialiter
1041 1543 1088 1589 tant

157 1617 285 1692 perfecta
299 1616 382 1692 quim
396 1618 424 1674 in
441 1619 550 1687 Patria;
565 1620 640 1676 idem
655 1618 730 1676 enim
744 1617 855 1674 habitus
869 1615 923 1672 viae
938 1623 1089 1691 perseveret

156 1697 188 1754 in
205 1697 303 1772 Petrin-
313 1701 465 1757 se'cundhm
480 1701 553 1758 illud
570 1701 645 1758 Led
661 1700 728 1760 Cor.
742 1719 767 1757 c.
784 1701 830 1756 18.
841 1697 921 1755 V.'8.
937 1701 956 1732 ‘⁸
969 1695 1089 1757 Charites

158 1785 177 1812 “
192 1799 336 1856 nunquam
356 1781 486 1839 excidit.”
641 1807 643 1814 ¹

199 1860 253 1918 1V.
273 1862 345 1920 Item
356 1861 479 1921 'charitas
491 1863 522 1920 in
536 1863 582 1920 via
595 1875 690 1941 potest
704 1881 776 1932 esse,
790 1873 849 1918 tam
863 1859 977 1917 intensa
990 1859 1021 1918 ln
1033 1875 1088 1922 nno,

155 1941 242 2018 quhm
257 1943 286 2000 in
302 1944 397 2001 Putria
410 1945 447 2002 sit
460 1946 490 2001 in
504 1945 579 2003 alio:
601 1945 642 2001 sic
656 1965 682 2002 v.
696 1965 723 2020 g.
743 1945 783 2002 D.
798 1942 887 2018 Virgo
901 1942 931 1997 in
953 1941 1000 1998 ria
1024 1938 1089 1998 certi

156 2023 256 2084 habuit
271 2023 433 2091 charitatem
447 2039 505 2097 um
528 2027 675 2094 intensam,
700 2025 784 2101 quium
809 2045 836 2080 v.
860 2041 887 2098 g.
910 2021 1045 2099 parvulus
1065 2020 1089 2074 in

158 2105 273 2163 Patria:
293 2107 352 2164 inuh
362 2107 445 2184 juxta
460 2108 590 2183 Wiggers
614 2108 643 2164 iu
665 2108 765 2164 eodem
789 2105 903 2162 homins
927 2102 1048 2162 charites
1065 2101 1088 2156 in

157 2187 204 2243 via
218 2199 312 2263 potest
325 2208 387 2246 esse
401 2191 482 2264 aeque
495 2189 613 2258 intense,
634 2187 717 2264 quitur
732 2189 762 2244 in
777 2185 881 2252 Patria,
905 2186 984 2260 quod
1006 2197 1088 2242 umen

157 2280 242 2342 negat
257 2268 362 2336 Gonet‚
376 2271 411 2328 eh
425 2272 500 2346 quod
512 2271 592 2328 Deus
606 2270 733 2347 praemiet
745 2269 820 2326 ultra
833 2267 1021 2342 condignum.

200 2349 235 2406 V.
258 2349 418 2408 Secundum
433 2353 567 2428 quasdem
583 2364 676 2414 umen
698 2351 873 2409 conditiones
897 2348 1013 2405 habitus
1033 2344 1086 2403 cha·

158 2430 248 2488 ritatis
262 2431 291 2489 in
306 2433 401 2490 Patria
414 2453 524 2510 semper
534 2432 685 2510 perfectior
699 2444 750 2500 est,
766 2432 852 2507 quium
861 2431 891 2487 in
900 2431 967 2487 vin:
982 2439 1096 2505 quarunt

158 2511 248 2587 prima
262 2525 312 2589 est,
328 2515 403 2590 qulul
426 2513 544 2572 charitas
560 2515 662 2572 Patriae
684 2513 784 2571 hebeat
807 2511 949 2589 objectum
975 2525 1086 2588 praesent

160 2601 190 2650 ct
203 2611 362 2668 possessum
377 2615 428 2671 per
441 2597 574 2654 visionem
589 2597 756 2653 beatificam.

201 2673 339 2744 Secunda,
355 2679 430 2750 qulul
444 2679 478 2736 ah
492 2691 557 2736 ectu
571 2678 591 2734 h
602 2677 680 2734 nullo
694 2677 783 2754 possit
797 2674 938 2752 impediri.

200 2755 305 2825 Tertia,
320 2759 395 2832 quod
409 2779 519 2836 semper
532 2774 598 2818 actu
612 2760 709 2816 tendat
723 2759 752 2814 in
768 2758 873 2826 Deum,
896 2755 1046 2832 omniaque
1063 2752 1085 2807 in

159 2836 256 2896 Deum
271 2851 337 2896 actu
351 2839 461 2896 referat.
508 2859 511 2866 ’
766 2867 769 2872 v

200 2920 316 2987 erartrn
331 2921 406 2996 quod
421 2940 531 2998 semper
554 2916 710 2978 secundum
733 2932 823 2978 totam
845 2918 1026 2977 latitudinem
1046 2913 1085 2971 hs·

161 3000 236 3058 bitias
250 3001 279 3058 in
294 3001 390 3060 Deum
405 3003 519 3060 feratur.
545 3005 546 3012 ’
1095 3011 1096 3042 l

200 3083 316 3147 Quinta,
331 3083 406 3158 quod
421 3082 540 3141 cheritss
555 3082 658 3141 Patriae
672 3084 708 3140 sit
721 3081 922 3140 inamissibilis.

199 3163 279 3223 Hinc
294 3165 392 3222 Patres
407 3166 574 3241 quandoque
599 3165 704 3232 dicunt,
730 3165 933 3240 perfectionem
954 3155 1085 3220 charitatis

66 3297 69 3310 .
159 3245 428 3304 resesvml’aniae:
450 3246 492 3321 sic
505 3247 590 3304 etium
604 3247 688 3304 multi
708 3246 870 3320 intelligunt
892 3245 966 3302 illud
992 3236 1096 3301 Matthl

159 3343 221 3400 cap.
240 3327 285 3382 ll.
301 3327 336 3383 V.
354 3331 400 3386 ll.
416 3327 503 3390 “Qui
518 3327 608 3384 minor
623 3328 708 3384 estin
724 3327 824 3402 llegno
840 3327 995 3393 Coelorum,
1011 3309 1096 3396 mejorl

160 3411 178 3438 ‘⁶
192 3417 235 3462 est
255 3405 331 3474 illo,’'
355 3427 388 3465 ar:
411 3409 434 3464 si
459 3409 565 3466 diceret
590 3407 738 3467 Christus:
760 3408 892 3465 minimus
920 3406 1096 3483 Angelorum.

157 3497 264 3560 utpote
279 3487 502 3562 comprehensor,
527 3488 616 3566 major
637 3501 680 3548 est
701 3491 811 3550 Joannc
832 3485 980 3566 Baptistt;
999 3501 1096 3562 qnam-t

158 3564 245 3638 quium
258 3565 314 3621 ista
325 3570 462 3627 sententia
475 3571 516 3628 sic
530 3571 730 3630 convenienter
743 3571 903 3648 accipiatur,
918 3581 950 3626 nt
966 3567 1083 3629 Christus

157 3645 280 3719 seipsum
309 3645 446 3721 designet,
475 3671 591 3726 seseque
614 3654 741 3710 modeste
763 3653 867 3711 Josnni
889 3663 1040 3729 praeponet,
1057 3647 1096 3700 ω’

157 3743 255 3782 sensus
269 3725 325 3782 sit:
338 3745 391 3803 ego
405 3731 453 3804 qui
467 3745 559 3804 astate,
574 3745 604 3790 st
618 3731 763 3792 hominum
778 3733 910 3812 opinione
925 3733 1018 3792 minor
1029 3743 1083 3786 surr
