2240 4060
416 211 604 262 osannam.
931 198 991 268 483

77 321 210 395 Quidam
224 323 373 386 sustinent
387 324 567 402 oppositum,
582 320 726 400 quautnlm
740 319 778 378 ad
792 317 933 402 pannulos
946 318 990 377 in·

24 405 86 458 ter
96 400 232 462 Gentiles
243 413 295 462 aut
306 403 335 460 in
348 403 490 460 maternis
501 401 595 460 uteris
607 399 778 468 morientes,
793 397 845 456 sed
857 398 886 456 in
898 397 993 476 priori

25 481 188 540 sententia
202 481 308 541 olorinis
324 478 493 540 verificatur
507 482 621 537 sincera
637 477 694 536 Dei
711 477 846 536 voluutas
860 475 994 534 salvandi

27 573 144 616 omnes
158 570 189 618 et
204 560 347 638 singulos,
369 570 400 616 et
416 557 568 618 Christum
583 555 733 616 mortuum
749 565 818 614 esse*
828 574 883 632 pro
897 555 992 613 salute

27 637 171 694 omnium
186 639 276 696 etiem
291 637 491 714 parvulorum.
512 639 514 646 ’
887 691 888 695 ,

79 713 332 791 Obj.1.1²arvulis
344 713 539 772 morientibus
547 714 577 770 in
590 711 834 772 raterismatenais
844 711 993 788 susceptio

29 790 250 866 Baptismi'eet
263 793 471 870 impossibilis:
490 811 563 870 ergo
578 791 652 850 tales
667 811 725 848 non
740 789 851 848 habent
863 789 994 849 medium

31 869 191 930 sufficiens
205 874 242 930 ad
257 872 392 931 salutem.

77 947 120 1008 R.
134 949 225 1028 Nego
238 971 356 1028 conseq.
371 950 442 1028 quia
462 949 525 1008 hmo
548 945 770 1031 impossibilitas
788 947 879 1026 babet
892 947 993 1022 aeim-

29 1027 228 1102 pertinenter
249 1029 294 1100 ad
307 1029 491 1086 uoluntatem
507 1028 566 1085 Dei
589 1027 824 1094 antecedentem,
850 1043 915 1104 quse
935 1045 999 1084 nou'

30 1106 217 1165 attenditad
226 1107 461 1165 circumstantiae
470 1105 676 1184 particularem
691 1103 863 1181 qudd‘enim
876 1103 997 1180 quidam

31 1183 158 1258 parvuli
173 1185 233 1243 sint
246 1187 289 1243 ita
302 1185 466 1260 constituti,
491 1194 524 1242 ut
538 1184 581 1242 eis
597 1179 769 1259 Baptismus
782 1181 924 1258 applicari
938 1201 998 1241 non

32 1262 147 1336 possit,
162 1264 309 1341 contingit
323 1284 360 1321 ex
371 1264 467 1320 oausie
478 1261 671 1328 naturalibus,
682 1261 786 1318 aliisve
795 1259 997 1322 accidentibus

35 1341 231 1412 extrinsecis,
246 1363 311 1420 qua
328 1343 411 1400 Deus
426 1339 571 1417 impedire
585 1359 643 1396 non
659 1348 787 1396 tenetur.

41 1461 46 1468 -
85 1417 158 1495 obj.
170 1420 212 1478 ll.
228 1421 258 1480 S.
269 1419 349 1497 Aug.
364 1419 437 1477 dioit
450 1419 576 1494 gratiam
589 1417 736 1492 Baptismi
751 1416 852 1500 multis
867 1418 998 1502 parvulis

36 1515 105 1554 non
125 1497 200 1568 dari,
215 1499 314 1556 “Deo
333 1498 470 1556 nolente''
483 1497 693 1554 festinantibus
716 1494 787 1552 licet
807 1497 1001 1571 parentibusr

37 1573 118 1634 item
144 1576 254 1635 multos
277 1596 336 1634 non
361 1576 426 1634 fieri
449 1575 555 1645 salvos,
570 1584 658 1635 “uon
678 1573 748 1651 qnia
767 1573 834 1654 ipsi,
859 1575 911 1634 aed
932 1577 1001 1654 quia

38 1662 59 1689 “
80 1653 166 1712 Deus
180 1675 237 1712 non
254 1653 342 1712 vult.’'
611 1655 613 1663 ⁴
823 1671 825 1678 ·
865 1681 868 1694 ·

86 1732 128 1792 R.
142 1733 231 1811 Nego
249 1754 368 1812 conseq.
382 1751 449 1791 nam
468 1733 530 1792 luae
543 1731 635 1791 verba
649 1733 746 1790 “Deo
761 1731 890 1801 nolente,
917 1733 1001 1793 Deos
1115 1715 1116 1724 ἵ

40 1817 62 1847 “
79 1830 140 1870 non
155 1813 247 1882 vult,’'
260 1831 319 1870 non
335 1811 444 1870 debent
458 1811 550 1890 accipi
566 1809 703 1890 pusitius,
723 1811 774 1868 eed
790 1811 939 1887 negatlvb,
960 1813 1003 1870 ita

42 1899 79 1946 ut
94 1889 191 1948 solnm
207 1891 276 1950 inde
290 1889 454 1948 deducatur
467 1909 525 1947 non
542 1909 607 1947 osse
618 1889 647 1946 in
659 1889 726 1950 Deo
737 1888 921 1949 voluntatem
933 1909 1002 1948 ooa-

41 1979 222 2059 sequentam
237 1980 268 2062 qt
282 1969 427 2028 efficacem
442 1969 481 2026 de
495 1970 619 2060 istorum
632 1967 822 2083 parvulorum
836 1968 1001 2070 Baptismo.

43 2045 795 2203 lltlltllt‘tllltlllzl‘ltt‘nli
809 2046 1001 2200 ilianum,

42 2203 119 2262 lieet
132 2203 247 2264 obicem
267 2215 387 2282 ponant,
409 2203 460 2263 det
480 2203 600 2287 gratiae·
614 2201 745 2267 efficaces
760 2203 796 2260 ad
811 2219 1002 2288 perseveran-

44 2283 119 2341 dum
134 2294 166 2344 et
180 2303 237 2342 non
252 2284 340 2343 aliisi

89 2361 168 2420 Item
184 2381 274 2441 quare
288 2362 435 2441 aliquibus
449 2362 655 2439 peccatoribus
669 2361 721 2420 det
734 2363 847 2440 gratiae
862 2364 1002 2438 efficaces,

45 2449 83 2497 ut
98 2438 183 2500 dedit
201 2440 301 2510 Paulo,
316 2440 394 2499 bono
410 2440 544 2511 Latroni,
559 2447 610 2500 &a
624 2450 655 2498 et
668 2460 726 2498 non
742 2442 831 2500 aliie?

90 2517 134 2576 ll.
156 2521 194 2579 lt.
208 2519 278 2577 Non
293 2531 340 2581 est
353 2519 482 2578 hominia
496 2519 557 2577 hac
572 2517 725 2598 judicare:
746 2529 861 2597 spectet
874 2513 953 2579 enim
967 2523 1006 2582 ad
1115 2493 1116 2546 ³

45 2596 253 2656 inscrutabilia
265 2597 450 2676 Deijudicia,
460 2597 538 2656 unde
549 2597 586 2656 ad
598 2595 705 2655 similia
715 2600 928 2675 respondemus
939 2619 1004 2659 oum

48 2675 163 2752 Apoet.
178 2676 216 2734 ad
231 2677 319 2736 Rom.
332 2696 395 2754 oap.
410 2677 454 2734 ll.
473 2695 501 2732 v.
515 2678 563 2733 33.
603 2675 663 2734 “O
685 2675 812 2735 altitudo
834 2677 1005 2737 divitiarum

48 2761 68 2790 “
85 2754 239 2832 sapientie
262 2764 293 2813 at
315 2755 445 2818 scientim
471 2753 530 2812 Dei
542 2754 567 2812 !”
582 2765 613 2813 et
636 2753 673 2812 ad
690 2754 778 2813 Rom.
793 2775 856 2834 cap.
866 2749 894 2813 9.
916 2777 943 2816 v.
957 2762 1005 2824 20,
1115 2787 1116 2798 κ

49 2839 69 2868 “
88 2833 117 2890 Ο
134 2833 239 2892 homol
262 2833 311 2892 Tu
325 2835 391 2912 quis
405 2851 446 2901 os,
462 2832 513 2910 qui
527 2831 707 2910 respondeas
723 2833 817 2904 Deo,”
831 2838 882 2892 bo.

92 2909 125 2968 si
138 2922 238 2970 tamen
252 2912 316 2971 sine
328 2911 550 2992 comparatione
562 2922 721 2992 quaeratur,
735 2929 827 2988 quare
840 2913 924 2971 Deus
939 2914 1007 2974 huie
1115 2971 1116 2974 ,

49 2991 182 3066 gratiam
196 2991 342 3049 efficacem
357 3003 389 3049 et
403 2991 655 3067 perseverantiam
669 2989 785 3049 donet?

95 3067 155 3127 lll.
178 3068 366 3146 Responderi
380 3069 480 3137 debet,
501 3067 571 3144 qnia
588 3068 669 3126 Deus
683 3066 771 3144 liujus
785 3067 848 3146 vult
862 3057 1006 3131 misereri.
1115 3085 1116 3126 3

47 3185 49 3192 ·
97 3147 131 3208 Si
144 3157 273 3226 petatur,
288 3167 340 3206 our
355 3148 402 3204 bio
416 3146 505 3203 bomo
520 3147 713 3222 perseveret?

96 3225 137 3286 R,
160 3227 205 3284 1⁰.
221 3225 300 3299 Quia
315 3226 398 3284 Deus
412 3223 469 3302 ipsi
484 3223 535 3281 dat
549 3223 810 3300 perseverantiam,
832 3235 863 3296 et
877 3229 925 3286 2⁹.
940 3232 1010 3308 qula

55 3303 105 3362 bic
119 3305 209 3362 bomo
224 3305 288 3363 vult
303 3323 356 3384 pen
369 3304 496 3382 ‘gratiam
511 3319 713 3378 perseverare.

94 3381 130 3442 Si
144 3391 274 3460 petatur,
297 3401 389 3461 qnare
410 3379 528 3439 adultus
548 3399 607 3448 nou
627 3391 808 3458 perseveret,
828 3381 877 3442 rel
891 3401 949 3443 non
965 3406 1011 3446 rs·

56 3461 149 3541 cipiat
162 3461 275 3538 gratiae
289 3461 444 3521 efficaces?

98 3539 137 3604 R.
153 3539 233 3612 Quia
247 3541 310 3620 ipse
324 3559 383 3600 nou
398 3539 471 3612 vult,
486 3539 535 3606 v'el
548 3537 618 3618 qaia
632 3537 694 3622 ipse
709 3539 738 3600 iu
753 3557 841 3604 causa
851 3551 936 3601 estet
948 3541 987 3610 ob

60 3637 123 3680 cem
134 3619 229 3698 pouit.
509 3697 528 3758 2
561 3627 563 3632 ’
632 3679 636 3687 .
