2216 4056
312 131 353 170 nu
375 129 519 172 vrururr
541 129 618 170 serr.
875 112 932 170 177

41 273 124 332 Retio
139 285 189 343 est,
201 276 279 350 qudd
294 276 379 332 timor
391 275 499 333 servilis
513 285 639 334 versetur
653 273 727 332 circa
740 283 887 352 peccatum
900 286 934 332 ut

13 373 86 428 punse
101 356 278 414 inductivum
290 380 297 425 ;
311 358 388 432 etqui
401 355 519 414 effectus
534 357 622 414 vitans
637 367 784 433 peccatum
797 367 830 414 ut
842 376 934 432 prenae
975 424 979 432 Ι

13 435 183 507 eductivum,
200 457 256 494 non
272 451 315 500 est
330 439 484 496 contrarius
508 437 621 496 affectui
646 437 755 516 peccati
779 437 931 496 secundino

13 537 48 573 te:
67 539 134 593 ergo
149 519 235 576 timor
248 520 358 577 servilis
372 540 402 577 se
416 521 477 577 solo
491 520 571 578 illum
585 539 642 576 non
666 519 778 595 penitus
801 529 934 577 retractet

13 617 51 656 rec
63 600 210 658 excludit:
225 621 289 658 uam
304 614 336 658 ut
350 601 419 660 dicit
431 601 459 659 S.
473 603 551 676 Aug.
564 601 612 658 lib.
626 603 656 659 2.
671 607 688 634 “
697 612 796 658 contre
805 600 934 658 edversa-

13 681 100 738 *rium
116 681 214 757 legis.”
240 703 302 759 cap.
320 685 348 738 7.
370 683 581 740 “Desiderium
603 682 739 758 peccandi
762 701 818 740 non
843 682 933 740 extin-

13 763 131 836 ίςιιὶιιιι,
145 764 203 820 nisi
217 765 356 828 contrario
379 764 517 822 desiderio
540 767 618 822 recte
640 764 771 835 faciendi,
794 762 843 820 ubi
862 764 933 822 fides

13 849 21 874 i‘
33 863 78 918 per
91 845 274 902 dilectionem
290 845 446 922 operatur.'’
931 895 935 900 .

40 924 100 1000 Obj.
123 926 225 984 Timor
239 937 333 1002 potest
346 927 445 984 tollere
460 947 542 984 omne
557 925 637 1020 illud,
652 927 728 1002 quod
751 938 793 984 est
812 927 934 984 causati·

13 1025 60 1062 unu
73 1007 202 1075 timoris3
226 1007 305 1084 atqui
318 1009 366 1066 ille
380 1009 497 1066 affectus
510 1008 619 1084 peccati
633 1029 688 1066 nou
703 1009 816 1085 penitus
829 1019 932 1066 retrac-

13 1097 68 1144 tatus
81 1101 125 1146 est
140 1089 300 1147 causativus
315 1090 441 1148 timoris:
467 1109 535 1166 ergo
548 1089 632 1146 timor
646 1110 676 1147 se
690 1091 751 1167 ipso
766 1089 826 1147 solo
839 1103 932 1168 potest

13 1167 73 1226 llum
88 1171 201 1228 tollere.

40 1251 72 1307 R.
92 1251 222 1329 Disting.
236 1250 299 1328 meJ'.
314 1253 398 1310 timor
411 1263 505 1330 potest
527 1251 626 1309 tollere
649 1271 732 1309 omne
756 1252 835 1321 illud,
857 1254 933 1328 quod

13 1343 41 1388 ut
52 1333 226 1391 causativum
241 1334 357 1403 dureris,
366 1335 529 1411 imperando
540 1347 568 1390 et
579 1333 754 1410 impetrando
764 1334 833 1391 alios
843 1347 932 1402 ectus,

13 1415 118 1472 concedo
143 1417 210 1492 maj.
234 1415 318 1472 timor
338 1428 433 1492 potest
457 1415 557 1474 tollere
582 1435 665 1473 omne
689 1415 769 1484 illud,
793 1416 868 1490 quod
889 1427 933 1472 est

13 1497 169 1553 uusotivum
191 1497 309 1567 timoris,
334 1517 365 1554 se
389 1498 459 1568 solo,
485 1517 548 1574 neg.
575 1497 641 1573 maj.
665 1509 752 1573 potet,
775 1497 841 1573 quia
864 1495 933 1554 aliits

13 1575 78 1633 inor
90 1598 121 1636 se
136 1577 200 1636 solo
215 1579 331 1636 deberet
344 1599 427 1655 posse
441 1579 541 1636 tollere
557 1579 699 1636 defectum
715 1577 794 1636 ectus
819 1577 879 1655 spei
903 1591 933 1637 et

13 1653 169 1729 charitatis,'
160 1679 191 1716 ιιι
206 1680 280 1729 casu,
296 1681 352 1736 quo
366 1661 471 1755 uliquis.
487 1659 626 1754 obligatus
640 1660 767 1718 elicere
759 1671 829 1718 istos
843 1669 932 1730 actus,

13 1735 105 1798 t‘neret
114 1753 233 1836 propter
243 1743 404 1819 eorumdem
416 1742 596 1800 omissionem
607 1742 748 1799 incurrere
759 1741 933 1818 gehennam.

13 1818 79 1878 sicuti
93 1843 162 1899 ergo
177 1823 206 1880 in
221 1821 275 1881 hoc
289 1843 355 1881 casu
369 1825 454 1881 timor
473 1843 530 1880 uon
554 1835 648 1900 potest
667 1823 766 1882 tollere
790 1824 933 1881 delectum

13 1903 55 1976 spei
67 1916 94 1960 et
108 1904 332 1974 charitatis,'nrs1
324 1905 535 1962 'introductis
527 1918 643 1962 totamm
658 1905 792 1962 virtutum
813 1905 932 1971 actibus,

13 1979 74 2042 'tuin
87 1986 143 2044 alio
159 2006 228 2044 casu
242 1988 326 2044 timor
350 2007 405 2044 non
430 1998 524 2064 potest
545 1987 645 2045 tollere
669 1985 799 2044 affectum
822 1986 932 2062 peccati

14 2069 145 2125 eundem
161 2089 201 2138 se,
216 2067 269 2125 nisi
284 2065 444 2126 introducti
458 2068 610 2126 sufficienti
625 2068 801 2143 displicenti&
821 2067 931 2144 peccati

14 2150 145 2208 ucundiun
172 2170 213 2220 se,
238 2169 289 2208 seu
311 2151 450 2207 contrario
478 2149 618 2208 desiderio
645 2152 722 2208 recte
745 2149 874 2219 faciendi,
898 2161 932 2206 ut

14 2223 114 2302 loquitur
130 2231 161 2290 S.
176 2234 301 2307 August.

40 2311 97 2388 0tj.
112 2313 155 2370 Il.
172 2311 364 2390 Timorjuxtu
377 2313 520 2372 antedicta
539 2324 633 2389 potest
657 2312 807 2371 excludere
832 2313 930 2372 volun·

14 2399 79 2450 utem
91 2394 231 2472 peccandi
244 2395 421 2452 absolutam:
442 2415 509 2471 ergo
523 2395 608 2480 etisnr
623 2395 795 2454 voluntatem
818 2407 931 2452 antece

15 2469 113 2546 lentem,
128 2477 206 2552 quod
222 2477 313 2534 minus
328 2489 379 2534 est.
717 2488 720 2504 ¹

42 2554 72 2612 R.
91 2558 166 2634 Neg.
180 2577 294 2634 conseq.
310 2558 382 2615 ratio
405 2557 576 2634 disparitatis
598 2569 650 2626 est,
675 2557 751 2632 quod
772 2557 808 2614 ad
833 2557 932 2615 exclu-

15 2633 110 2696 dendum
126 2639 301 2698 voluntatem
321 2640 488 2705 absolutum,
511 2639 632 2698 sufficiet
654 2639 781 2697 absolute
801 2639 931 2697 voluntas

15 2718 140 2780 omittendi
150 2732 309 2798 peccatum,
322 2741 357 2778 ex
369 2741 546 2796 quocumque
556 2721 662 2779 motivo
672 2722 823 2798 procedat;
816 2723 887 2779 ·sed
897 2735 932 2778 ut

15 2799 160 2860 excludatur
175 2803 304 2860 voluntas
318 2804 486 2860 antecedens
500 2803 585 2860 debet
608 2815 756 2880 peccatum
780 2802 931 2879 displicere

16 2885 146 2941 urcundum
162 2904 202 2953 se,
218 2905 269 2941 seu
283 2885 377 2960 potiris
390 2904 446 2941 non
461 2883 591 2960 placere:
613 2886 688 2942 unde
702 2885 765 2960 plus
779 2883 931 2958 requiritur

16 2960 37 3015 ul
48 2966 247 3023 excludendam
258 2965 430 3023 voluntatem
442 2965 657 3022 antecedentem
669 2965 752 3040 quim
762 2964 929 3022 absolutam.

42 3043 99 3121 Otj.
125 3047 183 3104 III.
212 3047 351 3104 Doctrina
378 3067 441 3122 quae
466 3059 550 3122 negat
577 3067 628 3123 per
655 3047 783 3104 timorem
813 3045 928 3102 excludi

16 3137 104 3184 omnem
118 3129 256 3222 peccandi
269 3129 441 3186 voluntatem
463 3128 574 3185 videtur
596 3129 727 3186 damnate
750 3129 778 3183 in
803 3125 855 3183 hac
876 3129 927 3184 64.

16 3210 182 3280 propositione
197 3209 361 3274 Quesnelli.
384 3209 511 3267 “Timor
524 3230 580 3266 non
594 3210 647 3266 nisi
661 3229 776 3266 menum
797 3207 930 3266 cohibet.

18 3289 77 3344 “cor
83 3297 180 3350 autem
196 3291 304 3348 tamdiu
317 3303 435 3368 peccato
449 3291 597 3361 addicitur,
619 3290 752 3366 quamdiu
773 3290 809 3347 alr
834 3309 930 3348 amore

19 3365 141 3440 “justitioe
154 3393 212 3430 non
228 3373 366 3430 ducitur?

46 3448 75 3508 ll.
94 3453 199 3512 Sensus
222 3455 321 3532 prioris
345 3454 432 3531 partis
456 3453 654 3531 propositionis
678 3464 730 3521 est,
756 3451 831 3527 quod
846 3453 933 3510 timor

20 3533 105 3592 orrum
118 3535 249 3594 cohibent
263 3555 377 3593 manum
391 3557 442 3593 seu
456 3556 526 3612 opus
540 3548 687 3593 externum
700 3535 818 3610 peccati,
834 3534 931 3610 sicque

21 3619 103 3673 *uterne
116 3617 209 3676 adhuc
222 3630 371 3695 peccetur.
381 3615 464 3694 juxte
476 3636 527 3674 nos
542 3627 635 3674 autem
651 3616 734 3673 timor
747 3635 804 3674 non
817 3615 929 3673 tanttlm

20 3689 105 3755 colibet
117 3712 212 3758 actum
226 3710 383 3767 externum,
392 3700 442 3756 sed
456 3699 542 3756 etiam
556 3698 696 3754 internum
709 3697 930 3774 corresponden-

20 3778 86 3845 un,
79 3791 143 3839 rtem
156 3781 298 3840 internum
310 3781 490 3859 completum,
502 3790 534 3837 ut
548 3779 605 3850 irae,
621 3780 768 3858 superbiae,
778 3779 829 3836 &c
844 3777 929 3834 etium
