2226 4064
121 120 128 139 ι
166 97 226 156 228
543 113 735 158 reserares

208 260 245 318 R.
266 259 344 317 Dum
359 257 420 318 brec
434 260 491 318 duo
505 260 589 318 simul
613 269 792 330 concurrunt,
812 257 926 318 scilicet
949 260 1097 318 necessitas

166 341 295 420 proximi,
310 353 339 398 et
354 341 473 398 facultas
486 341 545 398 sire
558 343 729 416 superfluum
745 341 847 399 dantis.

209 423 264 482 Pro
287 422 406 498 pleniori
426 421 613 496 intelligentia
634 423 797 491 notandum,
816 421 972 498 dupliciter
996 423 1100 497 aliquid

167 504 223 561 dici
238 505 416 598 superfluum,
433 504 499 562 item
525 504 731 570 necessarium,
751 523 852 579 nempe
876 505 1051 579 superfluum
1076 519 1101 562 et

167 586 353 644 necessarium
368 598 474 643 naturae
489 606 539 644 seu
553 586 628 655 vitre,
639 597 669 644 et
682 587 854 662 superfluum
870 597 899 642 et
912 585 1100 644 necessarium

167 667 257 725 statiis
271 667 330 723 sive
344 687 482 743 personae.

209 750 249 806 ll.
271 748 467 806 Necessarium
482 748 547 806 vita
562 747 665 806 dicitur
678 745 759 817 illud,
784 747 844 806 sine
858 767 915 823 quo
929 767 985 804 non
1011 760 1101 823 potest

166 830 267 906 aliquis
282 849 445 888 conservare
459 831 545 886 vitam
566 849 644 886 suam
660 841 689 887 et
703 829 831 898 aliorum,
854 849 972 904 quorum
989 829 1101 886 alendo

166 932 229 968 rum
244 911 298 988 ipsi
312 930 379 967 cura
391 911 537 979 incumbit,
552 923 584 968 nt
598 922 755 987 parentum,
769 910 874 980 uxoris,
894 911 1030 986 prolium,
1054 911 1101 968 &a

167 994 243 1053 unda
257 993 427 1068 superfluum
441 1004 548 1052 naturae
562 1005 614 1061 est,
623 991 684 1050 sine
698 1011 754 1068 quo
765 991 828 1066 quis
838 1013 868 1050 se
877 1011 999 1067 suosque
1012 1004 1101 1066 potest

168 1087 334 1132 sementare.

142 1211 147 1219 ,
210 1155 265 1213 ΙΙΙ.
281 1153 478 1212 Necessarium
492 1152 581 1211 statiis
596 1165 711 1215 vocatur
724 1153 804 1223 illud,
817 1154 878 1212 sine
900 1170 957 1230 qno
966 1153 1037 1230 quis
1050 1173 1102 1212 non

167 1248 262 1314 potest
276 1237 474 1294 convenienter
482 1235 575 1294 vivere
589 1235 743 1294 secundum
759 1236 949 1294 conditionem
960 1250 989 1294 et
1001 1247 1101 1292 stanam

82 1311 87 1328 '
168 1317 288 1394 propriae
301 1336 428 1394 personae
443 1317 486 1374 vel
501 1317 628 1384 aliorum,
643 1337 761 1393 quorum
776 1317 938 1377 alendorum
958 1317 1016 1394 ipsi
1041 1335 1102 1374 cura

169 1398 324 1456 incumbit:
345 1398 470 1473 adeoque
485 1399 655 1474 superfluum
670 1397 760 1456 statiis
777 1399 804 1456 id
819 1412 871 1467 est,
886 1399 946 1457 sine
970 1418 1030 1474 quo
1045 1399 1101 1472 quis

169 1481 262 1538 virere
271 1491 364 1556 potest
375 1479 572 1544 convenienter
586 1481 707 1538 adsuunt
720 1499 889 1556 suorumque
903 1479 1100 1540 conditionem.

174 1619 178 1626 ,
211 1561 434 1627 Observandum,
458 1560 487 1618 in
515 1559 569 1618 hac
595 1561 781 1618 aestimatione
811 1561 1019 1629 “neeessarii,”
1051 1581 1101 1618 non

170 1644 277 1702 tanaim
302 1642 456 1701 habendam
482 1662 543 1700 esse
567 1643 702 1700 rationem
725 1643 861 1719 temporis
875 1643 1035 1719 praesentis,
1057 1645 1101 1700 sed

170 1726 255 1784 etlam
270 1724 365 1791 laturi,
381 1737 420 1794 ut,
436 1724 536 1799 siquis
551 1724 643 1801 proles
657 1723 757 1782 lrabeat
771 1724 908 1818 parvulas,
922 1743 978 1780 ιιοιι
994 1723 1100 1782 tantdnt

171 1820 300 1872 censetur
313 1805 498 1863 necessarium
510 1809 600 1864 statiis
611 1805 649 1874 id,
665 1807 739 1882 quod
754 1806 904 1900 requiritur
917 1807 951 1864 ad
966 1826 1017 1864 eas
1032 1825 1109 1876 nunc,

170 1889 302 1956 alendasr
323 1889 372 1944 sed
386 1887 470 1944 etiam
485 1888 559 1962 quod
573 1887 729 1962 requiretur
742 1888 799 1944 ad
792 1907 866 1964 ipsas
879 1899 977 1964 postea
992 1900 1098 1944 susten·
1088 1919 1109 1970 -p

149 1971 269 2034 ,tendas
292 1981 322 2027 ct
344 1968 497 2027 secundnm
521 1969 710 2027 conditionem
733 1989 811 2026 suam
833 1968 862 2024 iu
886 1981 960 2028 statu
982 1967 1097 2026 honesto

168 2052 357 2110 collocandas.

207 2133 343 2192 Similiter
356 2131 392 2190 ad
406 2132 591 2189 necessarium
607 2129 697 2189 statiis
711 2144 847 2209 spectant,
863 2152 926 2207 quas
944 2105 1098 2192 necessaria

164 2225 230 2272 sunt
244 2216 280 2272 ad
293 2214 372 2271 illum
388 2214 576 2270 servandum
569 2234 598 2270 ιιι
609 2213 736 2288 quolibet
749 2234 814 2272 casu
827 2214 990 2272 calamitoso
1002 2215 1108 2291 proba·

165 2296 259 2354 biliter
272 2307 415 2363 eventurn,
430 2307 462 2351 ut
476 2308 542 2352 sunt
552 2309 691 2363 senectus,
702 2295 800 2364 morbi,
811 2296 925 2364 bellum,
935 2297 988 2354 bac.
1011 2297 1108 2356 Casus,

166 2389 259 2437 temen
274 2378 322 2453 qui
335 2376 352 2434 ia
367 2379 441 2434 mere
456 2376 634 2453 possibilibus
658 2388 775 2453 possunt
797 2377 967 2454 contingere,
993 2378 1108 2450 attendi,

165 2479 221 2518 non
237 2460 349 2516 debent.

207 2541 419 2599 Observandum
435 2539 529 2607 etiam,
545 2539 620 2614 quiid
635 2549 690 2596 stat
692 2537 724 2596 irs
679 2539 867 2596 tdecentia
879 2539 1025 2597 metienda
1046 2559 1096 2596 non

166 2621 203 2679 sit
213 2620 295 2708 juxta
309 2623 410 2678 fastum
425 2634 454 2678 et
468 2620 648 2678 ambitionem
663 2617 791 2695 alicujus,
807 2619 878 2678 sed
866 2633 949 2698 Juxta
972 2641 1096 2679 commu·

167 2723 231 2760 nent
247 2697 356 2760 vivendi
372 2704 484 2758 modum
499 2702 691 2758 timoratorum
712 2701 837 2777 ejusdem
862 2703 1051 2760 conditionis.
1072 2715 1096 2758 et

167 2783 232 2842 lnne
246 2785 376 2841 damnata
390 2797 432 2840 cst
447 2782 512 2840 lraec
521 2797 676 2860 proposrtro
694 2783 739 2840 12.
765 2785 799 2840 ab
821 2783 919 2842 Innoc.
940 2783 994 2842 Xl.
1017 2783 1107 2850 “lix

168 2866 207 2899 ‘⁶'
200 2885 228 2923 ιιι
240 2865 437 2922 saecularibus'
430 2865 562 2932 invenies,
572 2864 656 2921 etiam
669 2864 804 2940 Regibus,
816 2865 992 2941 superfluum
997 2866 1095 2921 statui.

167 2953 186 2982 “
201 2959 229 3005 et
244 2947 283 3004 ita
297 2947 342 3002 vix
358 2945 457 3020 aliquis
472 2957 582 3004 tenetur
593 2947 628 3002 ad
639 2945 853 3023 eleemosynam,
864 2947 976 3022 quando
987 2960 1107 3004 teneram

167 3034 186 3063 “
201 3030 307 3086 tantirm
323 3048 357 3086 ex
373 3029 512 3104 superfluo
526 3026 636 3084 statui.''
883 3081 885 3088 ,
995 3063 999 3070 ·

207 3111 259 3168 IV.
274 3110 395 3186 Oportet
409 3107 453 3165 bic
468 3109 550 3166 etiam
566 3109 736 3184 distinguere
750 3107 888 3184 triplicem
903 3109 1094 3166 necessitatem

167 3193 338 3270 corporalem
354 3191 533 3250 conformiter
546 3191 582 3248 ad
598 3189 684 3248 Num.
711 3192 777 3246 138.
802 3190 850 3246 ubi
872 3191 910 3248 'de
932 3190 1094 3248 necessitate

167 3273 312 3350 spirituali
1105 3323 1106 3336 ,

209 3355 244 3411 V.
266 3355 400 3412 Extrema
414 3353 459 3412 hic
480 3353 593 3422 dicitur,
616 3354 682 3412 dum
707 3352 764 3434 vita
787 3352 916 3430 proximi,
941 3353 964 3410 si
989 3353 1020 3410 ei
1042 3371 1094 3408 non

168 3448 352 3504 succursratur
368 3436 511 3494 evidenter
524 3435 663 3512 periclitat
664 3456 705 3492 ur.
723 3415 828 3494 ’(Ξιιινίε
843 3447 893 3502 est,
904 3435 1106 3509 quandonam

168 3536 223 3573 non
239 3478 352 3590 quidenl
375 3517 455 3574 valde
479 3517 659 3593 probabiliter
681 3517 818 3582 imminet,
844 3515 980 3594 probabili
1002 3528 1093 3572 temen

169 3594 328 3672 conjectari
342 3597 456 3654 timetur
467 3614 483 3656 ι·
495 3597 563 3654 item
578 3598 689 3672 quando
711 3597 825 3673 aliquod
848 3597 969 3654 notabile
990 3596 1093 3662 malurn

170 3677 262 3734 minus
277 3689 364 3734 morte
379 3679 521 3736 evidenter
534 3679 671 3748 imminet,
687 3692 718 3736 ut
732 3679 821 3754 gravis
836 3678 958 3747 morbus,
971 3678 1092 3744 iufamia,

171 3756 282 3815 amissio
296 3758 393 3828 statiis,
408 3760 459 3816 &n
480 3759 645 3818 Communis
659 3760 809 3821 necessitas
822 3771 874 3829 est,
889 3780 971 3835 quam
985 3759 1093 3836 patiun-

170 3849 217 3894 tur
226 3857 370 3917 pauperer,
382 3840 429 3915 qui
444 3840 565 3900 ostiatim
577 3841 734 3902 mendicare
744 3842 844 3901 solent.
865 3842 922 3902 His
935 3840 1105 3928 prtemissisq
