2240 4060
185 70 208 128 ii
601 89 709 134 nuum.

187 229 250 270 ΝΜ
1063 227 1091 280 ht

186 283 224 339 21
247 277 375 345 Qumstio
389 279 524 350 Pmcticn,
710 321 719 338 .
800 323 809 341 .
892 322 902 341 .
981 319 993 340 .
1070 283 1091 336 ti

185 365 225 422 22
246 362 294 422 De
309 361 445 420 Articulis
462 362 548 432 Fidei,
711 405 719 420 .
801 405 810 422 .
892 403 901 421 .
982 403 993 422 .
1070 363 1091 420 d

184 445 225 502 23
247 443 296 502 Αιι
311 443 433 502 Articuli
448 443 527 502 Fidei
541 463 673 504 successu
687 443 821 524 temporis
834 435 981 514 mouerint,
1071 443 1091 500 il

184 525 224 584 24
243 524 291 584 De
307 523 442 602 Symbolo
457 524 546 596 Fidei,
575 585 578 588 ,
709 567 718 586 .
800 568 810 586 .
892 567 902 587 .
980 566 992 584 .
1070 525 1091 582 d

183 608 223 666 25
244 607 292 665 De
308 605 444 684 Symbolo
458 607 670 684 Apostolorum,
800 649 809 666 .
891 648 900 668 .
980 645 990 665 .
1070 605 1091 662 u

183 690 223 746 26
244 687 404 766 Expliontio
419 687 547 768 Symboli
561 686 773 768 Apostolorum,
980 727 992 748 .
1073 689 1091 744 u

182 771 223 830 27
244 768 404 848 Explicotio
415 769 538 828 Secundi
550 770 685 839 Articuli;
698 769 742 832 Et
754 773 787 830 iu
794 769 895 831 Jerum
900 767 1091 839 Christum!

182 854 223 910 ns
244 851 292 910 ne
306 851 405 910 Tertio
420 837 548 930 smmi
563 853 703 923 necno,
896 889 906 911 .
983 892 995 910 .
1074 849 1091 907 n

182 934 222 992 29
244 933 291 994 De
305 933 414 998 Quarto
430 931 557 1010 Symboli
574 934 713 1003 Articulo,
1086 935 1091 988 i

182 1015 223 1072 30
243 1013 291 1074 De
305 1014 412 1080 Quium
428 1014 555 1092 Symboli
571 1016 712 1086 Articulo,

181 1097 219 1154 31
242 1095 290 1156 De
305 1095 393 1155 Sexto
409 1095 537 1174 Symboli
554 1097 693 1166 Articulo,
890 1137 899 1154 .
979 1135 991 1156 .
1090 1145 1091 1152 ,

181 1179 221 1236 82
242 1177 290 1237 De
305 1177 432 1255 Septimo
444 1177 572 1255 Symboli
587 1178 727 1248 Articulo,
787 1199 795 1218 κ
890 1217 900 1238 .
980 1217 991 1236 .
1088 1178 1091 1206 ²

180 1259 221 1318 38
242 1259 289 1318 De
304 1258 415 1320 Octuro
431 1259 558 1338 Symboli
573 1261 714 1331 Articulo,

181 1341 221 1400 84
243 1339 290 1400 De
305 1340 389 1400 Nouo
405 1341 533 1419 Symboli
548 1341 689 1413 Articulo,
888 1381 898 1399 .
978 1377 989 1396 ·
1088 1369 1091 1392 ι

181 1424 221 1480 ³5
243 1423 290 1482 Do
305 1421 408 1482 Tribus
417 1423 535 1482 Ultimis
550 1423 678 1500 Symboli
693 1422 838 1492 Articulis,

181 1505 220 1564 ³6
242 1504 289 1562 De
304 1505 383 1564 Actu
396 1503 476 1563 Fidei
490 1504 629 1574 interiori,
799 1545 808 1562 .
889 1543 897 1561 .
978 1542 989 1561 .

179 1587 221 1644 87
241 1585 290 1644 De
305 1585 461 1645 Credendis
475 1585 619 1663 Explicite
635 1585 810 1644 Necessitate
825 1583 927 1652 Medii,

180 1668 218 1724 ³1
242 1667 290 1726 De
301 1666 477 1726 Necessitate
491 1679 613 1742 quotuor
627 1667 768 1725 dictorum
780 1677 957 1744 punctorum,
1086 1665 1091 1720 i

179 1748 221 1816 89
243 1748 291 1806 An
305 1759 407 1825 proter
429 1761 549 1826 quotuor
571 1761 676 1826 punctu
690 1760 852 1806 enumerotn
865 1746 919 1806 sliu
932 1745 990 1804 sint

173 1847 192 1858 ··
300 1827 585 1906 explicitecmdendu
598 1830 762 1888 necessitate
776 1829 873 1896 medii,
952 1857 955 1862 ·

180 1911 221 1970 lo
240 1909 288 1970 De
299 1911 455 1970 Cmdeudis
468 1912 601 1988 explicite
612 1911 778 1970 necessitate
791 1909 936 1988 precepti,

178 1993 218 2052 41
241 1991 289 2070 De
304 1991 452 2069 Praecepto
465 2005 544 2050 octus
561 1993 663 2050 interni
678 1991 765 2062 Fidei,
890 2031 899 2049 .
977 2028 988 2046 .

176 2075 220 2131 42
241 2073 288 2133 De
302 2073 378 2132 illius
392 2074 562 2151 obligatione
575 2093 626 2151 per
639 2094 669 2132 se
684 2073 713 2130 iu
727 2075 848 2133 decursu
860 2071 935 2148 vitm,

176 2155 219 2214 43
240 2155 288 2214 De
299 2155 446 2233 Praecepto
458 2166 538 2214 ectus
550 2155 661 2213 externi
675 2154 764 2224 Fidei,

177 2237 219 2298 44
240 2237 287 2296 De
302 2235 483 2314 Obligntione
499 2237 636 2312 Prmcepti
654 2235 793 2312 Negotivi,

176 2319 218 2376 45
240 2319 289 2376 An
302 2317 387 2376 licent
401 2319 550 2394 aliquando
565 2319 649 2376 fidem
665 2318 816 2388 occultare,

298 2433 380 2476 .·····
402 2399 565 2466 Corollaria,

178 2483 217 2542 46
239 2479 286 2539 Do
303 2481 481 2539 Habentibus
498 2481 605 2549 Fidem,

177 2565 217 2622 47
239 2567 287 2622 An
304 2562 386 2620 Fides
400 2562 437 2620 sit
451 2562 479 2619 in
496 2562 648 2630 Haeretico,

175 2646 217 2702 48
238 2643 285 2702 De
300 2643 386 2702 Vitiis
400 2643 481 2702 Fidei
495 2643 651 2722 Oppositie,

175 2726 217 2786 49
239 2725 330 2783 Aust
344 2744 408 2801 quae
422 2725 571 2782 infidelitas
586 2724 623 2782 sit
641 2735 798 2802 peccatum,

175 2809 217 2866 50
237 2807 284 2867 De
297 2805 454 2883 ¹Speciebus
469 2805 656 2876 infidelitatis,
885 2842 894 2860 .
975 2842 985 2860 .

175 2889 214 2948 ⁵1
238 2889 286 2946 An
295 2885 427 2968 'infideles
441 2887 498 2944 siut
511 2885 699 2962 compellendi
713 2883 749 2944 ud
764 2883 872 2952 Fidem,
975 2924 983 2940 .

63 2963 67 2970 ’
174 2973 214 3030 52
236 2969 283 3028 De
298 2967 549 3030 communicatione
563 2967 702 3026 Fidelium
717 2987 782 3024 cum
796 2961 969 3033 infidelibue,

174 3055 214 3110 53
235 3049 282 3109 De
298 3049 411 3108 Ritibus
426 3049 585 3108 lufidelium
601 3047 775 3118 Toloroudis,
869 3073 894 3106 ·.
974 3086 983 3102 .

172 3136 215 3193 54
235 3133 282 3192 De
298 3131 411 3208 Haereei
423 3131 452 3190 iu
468 3129 644 3200 Particulari,

172 3217 214 3274 55
234 3215 282 3272 Dc
297 3211 589 3290 Divisioneiinnresis,
883 3249 891 3266 .
972 3244 981 3266 .

173 3299 213 3356 56
235 3296 281 3354 De
296 3295 390 3372 Poenis
405 3294 537 3354 Criminis
552 3291 687 3362 Haresis,
792 3331 802 3350 .
884 3326 893 3345 ·
972 3329 981 3348 .

171 3380 212 3436 57
234 3378 282 3436 De
297 3363 484 3452 Binspliemin,

119 3497 126 3516 .
171 3459 212 3516 58
233 3457 280 3514 De
293 3457 413 3517 Peccoto
428 3453 624 3534 Blasphemiae,

171 3539 212 3596 59
231 3537 280 3596 De
295 3535 414 3614 Regulis
427 3537 517 3606 Fidei,

171 3621 211 3676 60
232 3617 279 3675 De
295 3617 439 3694 Scriptum
454 3613 546 3683 Sucro.

49 3736 103 3780 ι
171 3700 209 3754 61
232 3697 279 3754 De
294 3692 442 3758 Diuisione
458 3699 609 3775 Scriptum
622 3697 724 3766 Suom.
970 3735 978 3753 ·

172 3777 212 3836 62
232 3776 279 3835 De
295 3765 427 3856 Sensibus
442 3779 594 3858 seriptum
610 3779 711 3852 Sacro,
758 3814 761 3822 ,
798 3831 800 3839 .
875 3815 886 3838 .
969 3816 977 3834 ·
