2248 4070
157 79 216 142 308
528 95 719 142 rusorsrus

165 275 167 284 ·
196 241 305 302 Pariter
329 240 354 298 si
376 241 485 300 diontur
509 241 537 300 iu
561 241 644 318 lege:
667 241 759 318 “ipso
777 239 852 318 jure,
874 241 936 318 ipro
950 243 1034 312 sacto,
1054 264 1087 302 er

157 330 174 358 “
189 337 256 384 tuno
266 323 290 390 ;”
311 323 380 380 item
396 325 462 380 dum
478 323 638 400 Legielator
652 324 705 381 ribi
718 335 767 382 eut
781 323 838 399 legi
852 323 907 380 vim
922 325 987 382 telis
1001 345 1087 402 poenae

154 405 290 481 attribuit,
319 417 352 464 ut
379 405 403 462 si
430 405 522 464 dicut:
546 405 756 466 “Authoritete
780 406 885 474 nostri,
916 407 963 466 vel
988 408 1088 464 virtute

155 487 367 564 “presentium
382 487 418 544 sit
433 486 718 546 excommunicatue.''

196 569 227 628 si
242 581 334 626 autem
350 569 397 627 lex
411 581 505 626 utetur
526 571 617 632 verbis
641 569 729 628 futuri
746 567 889 645 temporis,
912 569 957 628 vel
980 571 1087 628 tanturn

154 651 391 719 comminatoriis,
416 663 466 708 eut
500 651 592 708 verbis
626 651 704 708 modi
744 649 911 728 imperativi,
944 649 1089 728 judicatur

154 751 236 808 prena
260 753 321 790 esse
345 732 492 792 sententiae
511 734 643 801 ferendae,
665 753 691 790 v.
703 753 730 808 g.
745 732 769 788 si
784 733 910 790 dicatur:
932 738 950 766 “
966 733 1089 804 Excom·

155 820 172 848 “
187 813 381 882 munioabitur,
403 815 455 872 sub
469 833 551 891 pmuu
569 813 875 883 exeommunioationir,
897 816 1088 872 exeommuni-

155 903 172 932 “
186 909 275 964 cetur,
297 894 365 954 &c.'’

194 977 247 1036 1v.
269 977 301 1036 Si
314 977 429 1036 dubium
445 977 492 1046 εἱῑ,ι
510 995 547 1036 an
561 997 652 1054 poena
672 977 714 1036 sit.
731 977 879 1036 seutentiae
901 977 976 1045 latae,
997 997 1035 1036 en
1050 979 1089 1036 fe·

153 1060 258 1124 rendre,
280 1072 410 1118 censetur
422 1060 533 1119 tuntum
547 1079 610 1118 esee
624 1059 756 1129 ferendus,
773 1058 858 1135 juxta
872 1059 945 1135 Reg.
960 1060 1010 1117 49.
1020 1059 1090 1136 juris

153 1141 183 1198 in
194 1144 223 1200 6.
245 1147 263 1174 “
274 1140 303 1198 in
317 1141 406 1218 poenis
419 1141 565 1216 benignior
578 1152 622 1200 est
636 1141 829 1217 interpretatio
844 1141 997 1210 facienda,”
1013 1143 1088 1212 irem,

148 1221 232 1364 juppe
244 1222 336 1362 iggem
352 1224 401 1280 56.
416 1223 452 1280 de
468 1223 586 1362 Regulifs
596 1223 674 1362 Juqip
689 1223 808 1327 Sitifis:
830 1229 848 1257 “
864 1222 982 1301 Semper
995 1223 1027 1282 iu
1041 1225 1089 1282 ‹lu-

155 1311 172 1338 “
205 1304 239 1362 iis
273 1305 567 1381 enigniorasuntproe
580 1323 645 1366 eren
667 1325 692 1364 a.

195 1387 244 1444 An
264 1386 321 1455 ille,
356 1387 405 1462 qui
429 1386 547 1461 deliquit
569 1398 666 1447 contre
686 1387 778 1462 legem
800 1387 948 1464 poenalem,
979 1399 1089 1446 tenetur

152 1468 249 1544 statim
264 1487 373 1543 poenem
388 1469 481 1526 subire
495 1481 560 1528 ante
574 1469 740 1530 sententiam
751 1467 885 1528 Judieis?

194 1551 232 1608 V.
251 1549 289 1607 R.
310 1549 541 1626 Distinguendo:
575 1551 605 1610 Si
632 1571 714 1628 pmna
738 1550 775 1608 sit
799 1550 910 1609 tantum
939 1550 1088 1608 sententie

154 1632 285 1700 ferendae,
307 1651 364 1687 non
387 1643 499 1688 tenetur
523 1653 584 1690 eam
609 1633 711 1702 subire,
733 1633 824 1690 ‹loneo
846 1651 897 1708 per
921 1632 1086 1690 sententiam

153 1713 265 1772 Judiois
279 1713 315 1771 ed
338 1713 427 1790 ipsam
448 1713 533 1772 fuerit
554 1715 775 1772 condemnatus:
796 1713 868 1770 ratio
890 1723 943 1782 est,
965 1714 1087 1788 quodie

153 1793 207 1856 hoo
221 1810 287 1858 cusu
301 1795 349 1854 lex
361 1815 544 1872 poenamnon
557 1795 673 1872 infliget,
694 1797 745 1854 red
767 1796 876 1853 tentum
898 1795 1036 1868 decernat
1049 1796 1087 1852 in·

152 1877 302 1953 fligendam
326 1896 377 1953 per·
397 1878 565 1934 sententiam
580 1877 710 1936 Jndioie:
731 1877 771 1934 ita
793 1877 817 1934 si
840 1876 902 1952 quis
926 1877 1085 1934 committat

152 1959 267 2028 crimen,
278 1958 325 2016 eui
335 1977 444 2018 annexa
457 1972 501 2019 est
511 1961 647 2018 bonorum
661 1958 780 2035 privatio
790 1959 937 2016 sententie
952 1959 1085 2028 ferendae,

152 2040 232 2098 bonis
246 2059 301 2099 nou
316 2040 479 2117 privabitur,
498 2041 552 2098 nisi
565 2060 615 2116 per
629 2040 795 2098 sententiam
811 2040 1085 2098 condemnatoriam:

151 2123 209 2180 imo
231 2121 339 2180 licitum
362 2121 416 2198 ipsi
438 2133 481 2181 eet
500 2122 666 2180 sententiam
680 2122 824 2180 ferendam
837 2134 964 2180 avertere
979 2133 1010 2180 et
1024 2124 1086 2180 sni»

148 2204 299 2279 terfugere.

154 2341 158 2350 Δ
191 2285 222 2344 si
237 2303 319 2362 poene
339 2285 377 2342 sit
398 2285 545 2344 sententiae
559 2285 634 2354 letes,
655 2285 711 2344 no'n
725 2285 876 2361 requiritur
888 2303 962 2342 nova
975 2285 1087 2342 senten·

148 2367 189 2426 tia
209 2366 455 2426 condemnatoris:
477 2367 612 2442 quaeritur
634 2380 737 2438 temen,
758 2387 793 2425 an
809 2379 878 2426 tunc
898 2367 1017 2426 ulterius
1033 2388 1087 2424 non

148 2449 304 2525 requiratur
318 2449 457 2506 sententia
471 2449 678 2508 declarantia?

191 2531 243 2587 Vi.
266 2531 303 2587 R.
329 2532 372 2587 1⁰.
395 2530 425 2588 Si
439 2551 529 2607 poenae
552 2531 608 2588 sint
622 2531 702 2600 tales,
722 2542 755 2588 ut
768 2531 796 2588 in
811 2529 980 2588 executione
994 2532 1087 2606 requi·

149 2626 212 2670 rant
226 2612 365 2670 notionem
389 2612 477 2688 ipsius
491 2613 532 2670 rei
545 2632 595 2670 seu
610 2613 806 2688 delinquentis,
829 2612 920 2688 qualis
944 2624 999 2680 est,
1021 2633 1047 2670 v.
1063 2634 1088 2688 g.

149 2694 264 2760 traditio
285 2695 420 2753 bonorum
450 2713 563 2752 suorum
588 2697 616 2751 in
640 2713 738 2752 manus
762 2693 832 2762 fisci,
865 2695 951 2750 talem
977 2713 1087 2770 posnam

151 2775 317 2853 regulariter·
330 2795 394 2832 reus
409 2776 502 2834 subire
516 2795 574 2832 non
587 2788 699 2834 tenetur
712 2788 776 2834 ante
791 2775 959 2834 sententiam
974 2777 1089 2835 ,Iudicis

151 2857 373 2916 declamtoriam.

193 2939 278 3000 Retio
297 2952 349 3004 est,
372 2939 447 3014 quod
461 2938 507 2996 lex
529 2940 630 2997 debeat
650 2957 712 2997 esse
736 2937 879 2996 moraliter
891 2938 1048 3078 miiibffis'
1063 2953 1090 2996 et

150 3036 258 3080 naturae
273 3020 402 3080 humanae
416 3022 645 3081 accommodata:
659 3020 718 3098 jam
733 3033 828 3080 autem
842 3020 926 3078 nimis
963 3041 1047 3078 urum
1063 3036 1089 3078 et

150 3103 331 3162 inhumanum
347 3103 428 3170 soret,
443 3103 467 3159 ei
478 3105 540 3178 quis
551 3104 631 3160 bonis
642 3103 699 3160 suis
710 3114 793 3160 antea
805 3102 932 3178 legitime
943 3103 1090 3180 acquisitis

150 3185 429 3260 teneretureeipsum
445 3186 574 3263 spoliare.
614 3185 693 3244 Idetn
709 3185 858 3242 dicendum
880 3185 915 3241 de
930 3184 1090 3261 privatione

150 3267 246 3334 officii,
266 3266 404 3335 beneficii,
426 3267 478 3324 &o

191 3349 259 3406 VII.
281 3351 318 3404 20
339 3347 373 3406 Si
397 3367 478 3424 poena
502 3348 648 3406 sententiae
670 3347 735 3406 latre
755 3346 861 3404 nullam
876 3349 1091 3424 transgressoris

151 3431 288 3490 notionem
301 3429 434 3504 postulet,
449 3430 498 3487 sed
513 3431 620 3488 tantum
631 3429 768 3488 consistet
781 3429 810 3486 in
824 3429 917 3504 aliqua
931 3431 1091 3506 privatione

146 3513 228 3588 juris,
242 3509 380 3586 privilegii
394 3523 443 3568 aut
457 3511 606 3579 commodi,
621 3522 689 3568 tuno
702 3511 751 3568 ille
764 3531 847 3587 potua
860 3511 1011 3568 sententiae
1027 3513 1091 3582 lntaeg

41 3588 83 3640 ἱ
152 3595 238 3650 hebet
251 3611 332 3648 suum
343 3589 474 3649 effectum
489 3594 593 3668 absque
607 3592 734 3650 ulteriori
745 3593 884 3652 sententia
894 3593 1092 3650 declaratoria.

155 3674 239 3732 Ratio
252 3685 304 3742 est,
319 3673 394 3748 quod
404 3672 563 3750 Legielator
576 3673 665 3752 possit
678 3675 740 3752 ipso
754 3675 829 3734 fecto
839 3675 965 3750 infligere
977 3695 1090 3752 poenns:
