2216 4056
338 167 380 210 nu
400 165 561 210 nocerent.
859 150 916 210 lse

2 309 31 370 n.
51 281 97 372 u.
147 311 204 374 nn
226 309 534 374 suruomrsrs
556 308 769 374 scotuna
791 310 919 374 crece
1046 385 1048 395 J

237 393 510 462 QUAESTIONES
532 391 666 455 FACTI.

1 551 17 612 l
40 554 162 627 Quostt'o
172 555 260 618 Juris
273 566 300 616 et
312 557 404 616 Facti.
444 555 485 615 II.
505 554 630 616 Factum
644 555 749 634 triplos
763 555 918 634 distinqui·

30 647 83 696 tur.
125 639 182 696 III.
216 637 327 698 Seuerus
354 638 416 714 quis
440 647 468 696 ot
492 635 593 714 qualis.
634 637 686 696 IV.
716 635 850 696 Ecclesia
878 649 919 699 tat

30 718 192 795 infallibiter
205 721 237 778 iu
250 739 334 780 sensu
348 718 448 796 qualis.
488 719 525 776 V.
546 717 697 778 Probatur
706 738 742 780 eu
751 739 809 780 usu
816 717 918 779 Eccle-

28 802 83 858 siae.
135 801 188 860 VI.
209 800 261 860 Eu
281 801 363 860 illius
386 799 559 862 authoritate
580 801 659 860 circa
679 819 793 860 sursum
817 800 915 878 qualis.

29 881 91 940 Vll.
108 879 287 958 Arqumeuto
305 883 348 940 tul
367 880 516 944 tomitem.
557 881 643 940 VIII.
665 879 711 940 Et
729 901 762 942 ec
786 884 915 942 tuoortue·

28 963 177 1023 euntibus.
217 963 271 1028 IX.
287 965 336 1026 Au
349 962 401 1023 boo
412 963 479 1042 fide
492 963 836 1026 dioiudrttoredeudum.
878 964 917 1024 X.

31 1043 194 1106 Conclusio·

27 1206 48 1266 l.
58 1207 403 1270 PRAENOTANDUM
419 1208 450 1266 10
454 1207 554 1268 uliam
569 1228 630 1268 esse
644 1207 826 1285 quoestienern
833 1205 915 1287 juris,

2 1286 67 1385 *ianq
84 1290 175 1350 facti·
197 1289 344 1386 quaestiq‘
346 1289 458 1350 ‘Iuris'
478 1311 530 1350 seu
552 1291 701 1366 Dogmutis
725 1293 915 1368 essetque

10 1371 126 1442 utentur,
144 1371 235 1448 qualis
249 1372 286 1430 sit
299 1371 329 1428 in
342 1391 372 1430 se
386 1369 448 1430 haec
461 1371 505 1430 vel
522 1371 570 1430 illu
590 1371 737 1442 Doctrina,
751 1391 787 1430 an
800 1390 867 1430 reru
879 1392 917 1432 an

2 1450 58 1520 lea,
82 1452 235 1513 Catholica
258 1472 294 1511 au
318 1451 458 1523 haeretica,
480 1453 533 1512 Sne.
557 1473 584 1510 v.
607 1473 634 1530 g.
658 1474 694 1512 an
722 1449 851 1512 Christus
877 1458 915 1512 sit

5 1533 59 1590 atri
83 1533 340 1593 consubstantialis.
381 1535 548 1599 Quaestio‘
549 1533 661 1594 ‘Facti'
688 1535 739 1594 illa
772 1547 825 1606 eet,
859 1533 917 1612 qui

14 1615 124 1686 Ι··ιίιιιι,
151 1633 278 1692 quaenam
300 1616 337 1674 sit
361 1615 499 1678 Doctrina
525 1613 569 1674 bis
595 1617 840 1694 propositionibus,
868 1615 915 1675 vel

2 1694 58 1754 ibris
72 1699 117 1756 vel
132 1695 297 1756 authoribus
312 1717 461 1774 expressa;
480 1718 507 1754 v.
522 1717 549 1774 g.
541 1716 598 1756 .au
612 1695 734 1768 haeresis,
753 1718 816 1775 quoe
830 1710 915 1794 neget

4 1775 107 1871 erbum
121 1798 185 1838 esse
200 1779 278 1838 Patri
292 1778 536 1850 coreubstantiale,
550 1777 726 1841 contueretur
749 1780 777 1840 in
802 1780 914 1858 scriptis

25 1901 60 1998 ll.
81 1941 303 2000 Praenotundum
328 1942 376 2000 2⁰.
395 1940 498 2020 triplex
525 1939 657 2018 distingui
680 1939 816 2002 Factum:
836 1941 914 2004 aliud

1 2020 53 2078 nim
81 2035 128 2082 est
150 2002 312 2080 irnmediatb
338 2023 502 2094 revelatum,
524 2043 551 2082 v.
579 2043 606 2100 g
631 2023 789 2082 Incaruatio
817 2022 913 2082 Verbi.

1 2101 71 2161 tliud
84 2118 130 2163 est
145 2106 251 2162 fuctum
265 2125 342 2166 mere
329 2065 520 2166 historiculn
535 2115 564 2165 et
576 2105 731 2181 personale,
755 2105 831 2183 quod
852 2122 916 2164 res·

1 2181 48 2241 sicit
68 2186 111 2244 rei
135 2197 225 2262 gestes
248 2185 402 2254 ventatem,
427 2186 471 2244 rel
498 2204 626 2264 pereunte
653 2183 771 2265 alicujus
798 2197 913 2256 statum,

1 2266 181 2356 pudibonem,
196 2267 335 2346 internum
350 2266 435 2330 enimi
446 2287 572 2336 seuwm,
594 2266 700 2326 crimen
712 2267 788 2332 vel'
779 2287 913 2328 innocen·

1 2348 221 2418 urnAliudf
219 2359 311 2410 summ
327 2359 370 2406 est
383 2348 583 2424 dogmaticum,
606 2349 682 2424 quod
703 2349 818 2424 aliquod
832 2349 913 2408 Fidei

1 2389 93 2504 Dogina
106 2429 238 2489 attribuit
251 2429 334 2490 alicui
348 2429 419 2490 libro
433 2429 477 2490 vel
496 2448 631 2506 personae.

26 2509 204 2570 Ecclesiam
197 2530 225 2567 ιιι
241 2511 321 2569 fectis
333 2510 495 2570 immediate
508 2510 639 2570 revelatis
653 2529 714 2570 esse
728 2509 913 2584 infallibilem,

7 2615 23 2639 u
31 2611 76 2650 nes
89 2603 257 2669 agnoscunt.

26 2672 132 2732 Omnes
146 2673 308 2741 admittunt,
323 2671 479 2732 Ecclesiam
494 2693 584 2732 errare
598 2693 681 2752 posse
694 2672 724 2730 in
737 2673 819 2732 factis
842 2675 913 2754 pure

8 2777 23 2801 r:
44 2755 120 2814 rIcis
135 2767 165 2812 et
178 2754 389 2831 personalibus:
407 2755 484 2814 uude
498 2755 615 2814 infertur
629 2755 704 2831 qubtl
723 2756 790 2814 dum
812 2757 914 2852 quaeri·

1 2851 36 2904 ur,
49 2856 85 2894 an
94 2835 236 2912 judicium
252 2835 388 2894 Ecclesiae
402 2837 438 2894 de
451 2836 687 2914 propositionibus
707 2837 752 2895 vel
777 2837 854 2895 libris
876 2839 915 2902 sit

7 2945 9 2963 ι
25 2917 266 2994 ullibile,quaestio
279 2917 392 2986 nonsit,
406 2937 441 2976 an
455 2917 583 2976 Ecclesia
595 2917 777 2978 infallibiliter
790 2919 914 2986 definiat,

7 3017 56 3056 uno
70 2999 174 3056 librum
189 3019 250 3058 esso
263 2996 346 3075 hujus
360 2999 404 3056 vel
427 2999 502 3056 illius
523 2997 656 3069 authoris,
680 3019 745 3060 uam
768 2997 823 3058 hoc
846 3000 914 3063 lacti

1 3095 70 3152 uuus
83 3081 227 3158 supponit,
240 3099 297 3138 non
311 3079 409 3138 definit
424 3079 561 3150 Ecclesia,
580 3099 643 3156 quar
658 3081 694 3140 de
707 3079 808 3158 librisJ
801 3080 915 3152 udirat,

8 3174 65 3219 rout
78 3164 131 3219 sub
145 3161 258 3218 nomine
272 3161 341 3220 certi
354 3160 478 3220 authoris
491 3161 732 3238 circumferuntur.

27 3242 132 3302 Pariter
159 3243 278 3320 quaestio
302 3263 359 3300 non
386 3254 438 3312 est,
466 3240 560 3306 uuum
587 3262 702 3316 necesse
729 3239 766 3300 eit
790 3242 914 3320 oroque,

1 3323 195 3400 troposit'iones,
210 3343 279 3400 quas
288 3323 417 3389 Ecclesia
430 3324 459 3386 iu
472 3324 566 3400 aliquo
580 3325 651 3384 libro
662 3323 784 3392 damnu,
794 3323 914 3384 totidem

1 3403 97 3478 qllebis
106 3406 139 3463 in
150 3425 187 3464 eo
201 3405 275 3482 legi;
294 3425 351 3466 uon
364 3405 438 3462 enim
452 3403 506 3478 hpc
520 3417 563 3467 ost
583 3405 752 3464 definitionis
775 3403 915 3467 Ecclesiae

1 3484 124 3560 ejectum
136 3489 208 3555 esed
222 3487 282 3564 ipse
296 3486 518 3565 propositionum
531 3487 577 3550 vel
590 3487 655 3552 libri
663 3505 762 3544 sensus
775 3485 914 3564 proprius,

1 3570 119 3642 pannus
140 3587 177 3629 ex
201 3568 293 3632 verbis
307 3580 337 3631 et
350 3579 410 3634 toto
434 3568 498 3638 libri
522 3579 657 3628 contextu
679 3565 851 3648 deprehendi
862 3589 917 3654 pov

1 3660 70 3711 ssiu

30 3728 86 3790 Neo
98 3729 186 3790 etium
201 3730 321 3806 quaestio
334 3740 387 3800 est,
402 3750 436 3798 au
452 3729 560 3800 author,
574 3727 656 3808 cujus
669 3749 745 3804 error
764 3729 916 3810 proscribi

2 3827 40 3880 ur,
52 3813 137 3870 talem
151 3831 248 3872 revera
261 3831 373 3872 sensum
388 3812 417 3870 in
433 3825 526 3874 mente
548 3812 685 3882 habuerit,
704 3812 815 3906 qualem
829 3811 915 3874 verbu

1 3909 41 3948 ra
53 3913 81 3951 so
95 3895 190 3954 serunt
205 3891 390 3973 (quamquem
405 3893 434 3952 id
458 3893 559 3954 merito
580 3893 713 3973 praesumi
737 3887 852 3970 debeat)
876 3890 922 3966 (le,

25 3971 224 4036 DeEoolest'o
437 3991 459 4034 u
