2224 4050
138 245 158 304 6
503 261 704 307 cnocrnnos.

159 407 240 484 ‚1v.
260 405 388 470 Medium
411 408 451 467 rei
467 421 518 478 est,
544 406 619 486 quod
641 407 754 488 respicit
775 407 961 486 aequalitotem
984 407 1023 467 rei
1037 411 1073 468 nl

142 511 222 550 rem:
243 491 299 549 tale
324 491 446 550 medium
469 485 553 549 habet
569 487 679 568 justitia
693 492 908 559 commatativm
928 487 977 548 ille
998 491 1072 548 enim

143 575 203 631 sola
217 585 324 650 spectet
338 571 523 649 aequelitatem
538 575 579 630 rei
593 573 712 640 adrem,
727 585 759 631 ut
778 573 889 648 cuique,
912 571 970 630 sive
985 569 1073 640 diviti,

144 650 196 712 sivi
210 655 334 732 pauperi,
348 654 424 730 quod
438 673 518 711 sunm
534 667 577 712 est
588 655 732 713 tribuatur.

85 739 88 747 '
186 735 314 794 Medium
327 735 442 794 aliorum
453 735 586 792 virtutum
599 737 744 794 moralium
756 747 799 794 eut
809 733 931 793 medium
943 735 1076 804 mtionis;

144 811 298 894 respiciunt
320 815 393 875 enim
418 815 580 892 qualitatem
603 836 738 894 personae,
763 812 828 881 loci,
851 815 993 893 temporis,
1023 817 1075 876 tre.

145 911 224 976 patet
238 897 265 954 in
281 899 483 976 temperantia;
503 917 630 975 quaenam
644 897 717 957 enim
740 897 880 974 quantitas
904 907 933 956 et
957 891 1076 974 qualitas

145 978 271 1038 alimenti
286 977 322 1036 sit
335 991 420 1038 recten
440 980 540 1037 rationi
554 994 785 1049 commensurate,
806 995 862 1038 non
875 973 969 1058 polest
978 979 1075 1037 citter-

138 1061 253 1138 ,mineri
267 1059 320 1118 nisi
334 1059 429 1118 habito
443 1073 572 1139 respectu
586 1063 621 1120 ed
635 1061 783 1138 qualitates
796 1075 932 1140 persona,
951 1059 1076 1138 aliaeque

145 1141 379 1201 circumstantias.

187 1223 236 1280 An
250 1243 347 1281 omnes
357 1223 474 1280 virtutes
488 1223 643 1282 consistunt
657 1220 685 1280 in
700 1221 818 1283 medio?

185 1304 222 1362 V.
245 1305 283 1363 R.
304 1325 378 1364 cum.
394 1305 423 1363 S.
438 1303 539 1362 Thom.
559 1318 659 1380 quaest.
672 1305 720 1364 cit.
734 1319 786 1366 art.
811 1299 839 1375 4,
861 1301 936 1380 quod
956 1302 1078 1362 vittutes

144 1385 312 1462 theologicae
339 1406 390 1463 per
414 1406 453 1454 se,
474 1387 532 1444 sive
547 1387 571 1443 si
595 1383 806 1444 considerentur
819 1401 855 1444 ex
877 1395 956 1464 purte
971 1383 1079 1462 objecti

144 1469 300 1526 secundnm
323 1488 362 1538 se,
387 1485 443 1526 non
467 1465 619 1526 consistant
643 1467 673 1525 in
698 1463 809 1526 medior
830 1467 900 1526 retio
923 1481 974 1535 est,
1015 1468 1082 1525 unci

145 1550 264 1608 virtutes
285 1548 451 1626 theologicae
474 1543 593 1606 habeant
615 1565 772 1608 mensnram
787 1545 945 1618 increatam,
967 1486 1082 1606 scilicet

144 1631 251 1701 Deum,
266 1643 395 1709 respectu
409 1629 497 1708 cujus,
511 1642 609 1708 utpote
618 1627 728 1700 infiniti,
739 1631 837 1708 nequit
849 1627 909 1688 dltri
926 1645 1060 1688 excessus
1074 1653 1084 1697 ;

46 1729 47 1732 ¹
144 1712 186 1770 ita
201 1723 232 1770 ut
246 1711 394 1782 credendo,
415 1713 560 1790 sperando,
586 1711 737 1790 diligendo,
758 1709 893 1788 quentnm
917 1725 1083 1788 possumus,

145 1812 258 1869 semper
277 1793 368 1852 adhuc
389 1791 550 1851 deficiamus
572 1789 590 1852 ei
612 1810 741 1851 mensure
762 1789 899 1870 condigna
913 1791 998 1862 Deo;
1018 1803 1084 1849 non

121 1923 125 1934 .
142 1874 246 1940 minus.
260 1873 343 1950 quium
354 1871 552 1932 insufficientes
566 1889 662 1932 sumus
673 1875 708 1932 ad
720 1873 887 1952 condignum
898 1869 955 1932 Del
967 1869 1085 1930 cultum

108 1981 110 1988 ·
143 1953 344 2034 exhibendum,
359 1957 511 2014 secundnm
526 1957 565 2028 id,
581 1956 656 2034 quod
670 1955 744 2014 canit
759 1951 887 2016 Ecclesia
904 1953 933 2012 itt
956 1950 1086 2032 Hymno

143 2033 310 2095 venerabilis
333 2034 524 2096 Sacramenti:
545 2043 562 2071 “
575 2039 719 2102 Quantum
740 2051 829 2115 potes,
852 2039 959 2094 tantinn
982 2035 1085 2094 ande:

143 2122 164 2151 ‘¹
179 2119 244 2194 quia
258 2117 346 2196 major
356 2117 432 2176 omni
443 2117 535 2188 laude,
549 2139 602 2178 nec
617 2119 730 2178 laudare
741 2115 845 2178 sufficis
855 2117 879 2176 :”
888 2113 940 2176 Vl.
949 2133 984 2176 ex
996 2130 1086 2194 parte

144 2191 239 2260 tamen
253 2211 360 2270 nostra,
375 2199 433 2258 sive
447 2219 497 2276 per
511 2199 648 2268 accidens,
663 2201 794 2258 ucetiam
815 2216 851 2259 ex
871 2209 949 2278 parte
970 2197 1086 2278 objecti

143 2281 279 2340 naturalis
294 2279 459 2350 secundarii,
472 2281 588 2340 virtutes
596 2279 762 2358 theologicae
771 2291 888 2359 possunt
902 2279 957 2339 dici
968 2281 1086 2338 concis-

143 2374 205 2421 tere
219 2362 249 2420 in
262 2363 356 2422 medio
367 2386 375 2430 ;
387 2364 453 2438 quia
463 2363 529 2421 licet
539 2383 595 2421 non
605 2363 743 2440 possimus
755 2365 819 2421 leni
830 2364 857 2420 in
869 2364 973 2432 Deum,
986 2375 1086 2438 qnan-

143 2445 207 2503 tum
222 2444 294 2502 ratio
312 2443 400 2502 debiti
414 2444 544 2518 condigni
558 2446 623 2503 Deo
637 2445 733 2520 exigit,
749 2446 882 2503 debemus
896 2459 990 2502 tamen
1008 2445 1087 2502 ferri

142 2525 174 2581 in
188 2524 280 2601 ipsum
294 2525 449 2586 secuudtim
463 2544 616 2586 mensuram
630 2527 812 2593 conditionis;
824 2536 853 2584 et
863 2527 904 2584 sio
913 2526 953 2584 ita
963 2544 1087 2602 sperare

144 2607 291 2675 debemus,
304 2619 336 2664 ut
350 2626 414 2686 spes
427 2621 521 2666 nostra
536 2609 627 2667 media
640 2608 677 2666 sit
691 2608 763 2668 inter
776 2607 1023 2686 presumptionem
1051 2619 1089 2665 et

145 2688 379 2762 desperationem.

186 2768 254 2830 VII.
275 2763 373 2826 Virtus
386 2769 536 2846 religionis,
559 2782 591 2828 ut
605 2782 683 2847 patet
697 2789 732 2828 ex
755 2769 845 2830 uerbis
860 2768 969 2846 Hymni
990 2787 1090 2846 supra

112 2857 116 2865 '
146 2849 234 2919 citati,
250 2870 286 2909 ex
298 2861 377 2929 perte
391 2849 492 2928 objecti
507 2851 658 2928 secunditm
674 2870 704 2908 se
718 2851 803 2908 etiam
817 2869 872 2908 non
895 2849 1023 2908 consistit
1050 2851 1087 2908 in

145 2931 256 2990 medio:
271 2951 306 2990 ex
320 2943 399 3026 parte
412 2945 505 2990 tomen
520 2933 668 3008 operantis,
680 2930 766 3001 modi,
778 2933 829 2992 &a
843 2931 966 2990 medium
978 2945 1089 2992 tenere

146 3013 248 3076 debet:
270 3013 360 3071 simllc
375 3025 418 3071 est
432 3013 471 3085 de*
481 3014 583 3071 virtute
598 3013 777 3091 poenitentiae.

188 3095 307 3154 Caeterae
321 3106 414 3154 autem
426 3094 552 3164 virtutes,
562 3107 618 3152 tam
629 3095 663 3154 ad
677 3113 728 3151 nos
742 3097 827 3172 ipsos,
837 3089 921 3170 quim
933 3091 969 3150 ml
979 3096 1090 3170 proxi·

145 3195 233 3246 mum,
248 3175 403 3236 consistunt
415 3175 445 3240 in
459 3177 552 3234 medio
566 3177 649 3234 etiam
664 3195 700 3233 ex
710 3189 788 3255 parte
803 3175 905 3253 olqiecti
919 3176 1090 3234 secundum

146 3276 187 3314 se.

144 3417 183 3477 N.
198 3419 226 3477 6.
266 3411 324 3478 DE
346 3410 1092 3490 Acofflslttonn,nnttsslon1t‚ETDU-

388 3495 583 3560 nentonn
604 3495 839 3564 VIRTUTUM.

147 3663 173 3722 Ι.
201 3662 325 3722 Virtutes
338 3665 531 3740 acquiruntur
550 3661 710 3740 dupliciter.
751 3657 792 3722 Il.
811 3655 874 3722 Per
891 3659 1097 3740 inficientem.

185 3741 245 3803 111.
265 3743 327 3807 Per
347 3745 518 3803 exercitium.
558 3742 610 3803 IV.
630 3743 813 3804 Amittuntur
833 3741 995 3822 dupliciter.
1046 3747 1096 3806 V.

187 3825 317 3884 Directi.
362 3825 414 3883 VI.
432 3825 478 3886 Et
498 3826 641 3884 indirecte.
690 3827 758 3900 Vll.
783 3826 857 3899 Quoe
873 3827 992 3886 eumue
1012 3841 1097 3887 mu-

166 3983 168 3989 ·
242 3915 274 3964 ut
287 3907 319 3965 iu
332 3905 427 3965 beatis.
468 3903 552 3964 Vlll.
571 3903 644 3980 Qum
657 3905 689 3968 iu
702 3905 888 3988 Puroaun‘o.
928 3905 983 3968 IX.
1001 3905 1102 3978 Quaa—

218 4017 221 4025 r
