2226 4064
160 153 224 220 2³6
251 227 254 236 ,
280 224 284 236 ,
532 170 726 216 rescrsrns

158 367 165 376 .
204 316 254 374 4⁰.
267 311 347 376 Dum
359 313 517 394 periculum
531 328 575 376 est
587 316 617 378 in
631 335 720 392 m
743 315 986 396 ototpseosm
999 331 1098 398 vespe

163 397 193 454 in
204 409 408 458 nocumentum
421 397 635 458 communitatis·
643 411 693 458 ent
708 397 874 474 Religionis,
896 399 942 458 vel
959 398 990 458 in
1013 419 1098 477 grus

163 479 297 537 demeum
310 479 395 548 tertii,
410 499 436 536 v.
450 498 477 552 g.
491 479 516 536 si
529 479 602 555 quis,
611 480 679 539 lieet
692 479 813 550 occulte,
825 491 890 558 eget
904 481 940 541 de
953 483 1098 560 prodendo

163 559 287 630 ciuitate,
301 571 412 638 sparget
433 558 563 630 lraereses,
587 573 706 620 mortem
729 561 815 620 udoni
838 560 1026 636 machinetur,
1044 566 1098 626 liro.

163 641 268 719 exeipit
283 641 313 701 S.
328 640 430 698 Ilrom.
450 641 542 700 “Nisi
556 643 629 702 forto
652 641 753 719 uliquis
774 643 892 703 firmiter
912 644 1097 716 existimaret,

163 729 182 756 “
197 724 273 799 quod
287 722 379 782 stetim
395 742 446 800 per
458 735 594 782 secretam
603 724 820 783 admonitionem
831 737 927 804 posset
936 723 1097 805 hujusmodi

164 809 182 838 “
196 804 269 864 mole
286 803 454 883 impedires,

203 888 253 944 5⁰.
267 886 388 951 Quando
401 885 576 943 denuntiatio
589 897 639 946 aut
651 885 764 965 publico
777 886 916 966 correptio
939 890 1097 949 necessaris

162 979 216 1036 est.
230 979 263 1028 ut
287 968 449 1028 scandulum
472 966 649 1046 impedietur,
673 968 756 1028 sicuti
779 969 885 1028 lectum
907 981 951 1030 est
973 969 1096 1031 iPeulo

162 1061 293 1127 respectu
307 1049 393 1113 Petri.

205 1135 254 1188 An
267 1131 344 1188 re'ctd
368 1132 495 1189 fecerunt
509 1129 611 1190 Petrus
625 1131 694 1191 Act.
718 1150 780 1210 osp.
803 1131 833 1190 5.
857 1142 887 1191 et
899 1131 1009 1212 Joseplr
1024 1133 1096 1194 Gen.

161 1349 165 1356 .
204 1293 370 1370 Respondet
395 1292 425 1352 S.
448 1290 551 1352 Thom.
575 1305 627 1354 ort.
651 1296 679 1353 7.
703 1293 884 1363 offirmotires
903 1314 968 1354 num
993 1295 1095 1355 Petrus

160 1373 317 1451 publicavit
329 1375 634 1452 peomtumxoecultnm
648 1376 770 1436 Ansnite
784 1388 813 1436 et
825 1375 949 1454 Sophite
961 1389 1096 1455 tannsm

162 1468 297 1514 meoutor
310 1456 377 1526 Dei,
391 1455 471 1532 cujus
484 1456 619 1516 relatione
632 1470 780 1534 peccatum
793 1459 933 1536 cognovit.

160 1585 163 1595 .
203 1537 251 1598 De
264 1536 372 1615 Ioseph
387 1537 443 1596 diti
457 1548 559 1613 potest,
574 1541 650 1616 qnod
663 1541 762 1598 fmtres
776 1559 843 1598 snos
856 1539 1009 1612 monuerit,
1031 1540 1095 1600 lieet

161 1618 193 1684 id
208 1618 353 1696 Scriptum
365 1639 422 1678 non
435 1618 583 1696 exprimet,
597 1621 641 1679 vel
656 1621 732 1698 qnod
755 1621 829 1680 forte
851 1635 999 1699 peecsmm
1025 1621 1095 1682 inter

160 1701 261 1764 &oues
275 1713 350 1760 esset
363 1699 518 1778 publicum,
533 1701 578 1760 rel
592 1702 616 1759 si
630 1702 715 1761 suerit
728 1703 880 1773 oecultum,
894 1703 1094 1764 rotionabiliter

160 1781 323 1842 etistImtre
336 1781 460 1859 potuerit
473 1781 610 1858 privatum
624 1782 807 1843 monitionem
831 1803 888 1842 non
910 1787 1093 1862 profirturom,

79 1931 82 1944 Ι
161 1859 228 1928 crim
236 1863 335 2004 ¹fretres
343 1864 434 1942 ipsum
443 1863 578 1936 odissent,
586 1885 639 1924 nec
648 1866 806 1944 potuissent
816 1865 843 1925 si
854 1867 1008 1944 quidquem
1022 1867 1093 1945 peci-

160 1945 216 2006 oue
248 1946 324 2022 oqui.

203 2027 324 2093 Quoties
337 2026 480 2103 proximus
494 2039 538 2088 est
558 2027 772 2105 corripiendus?

160 2149 167 2158 -
203 2108 243 2168 R.
256 2107 355 2166 Toties
364 2117 398 2166 et
411 2110 527 2180 tamdiu,
542 2107 627 2186 quim
641 2109 749 2166 lructm
762 2121 897 2186 speretur.

160 2226 164 2236 ·
203 2189 325 2267 Explica
337 2188 398 2248 hoec
412 2193 496 2250 verbu
510 2190 635 2252 Christi:
657 2189 731 2249 “Sit
746 2191 798 2248 tibl
817 2192 892 2251 siout
905 2187 1048 2250 Ethnicus
1067 2204 1093 2250 et

163 2276 184 2306 ‘⁴
199 2270 393 2330 Publicanos.”

110 2421 114 2432 Ι
206 2351 244 2412 R.
260 2352 363 2412 Sensus
377 2366 429 2424 est,
443 2353 467 2412 si
480 2353 625 2426 proximus
639 2351 796 2412 Ecclesium
809 2373 866 2412 non
890 2353 1012 2412 audierit
1035 2373 1092 2412 sese

162 2435 337 2512 corrigendo,
352 2433 423 2493 hebo
436 2455 511 2505 enm,
533 2435 675 2512 quomodo
688 2435 784 2494 Jndrei
805 2434 943 2494 habebunt
957 2433 1092 2494 Ethnicos

163 2529 195 2578 et
208 2515 386 2586 Publicanos,
408 2517 503 2586 idest,
524 2516 635 2576 absone
647 2517 683 2574 ob
696 2515 756 2594 ejus
775 2517 926 2588 consortio,
949 2536 1044 2594 nequo
1066 2518 1091 2574 in

163 2597 278 2667 divinis.
290 2617 381 2674 neque
394 2597 423 2658 in
437 2597 565 2656 humenis
578 2617 642 2656 oum
657 2617 692 2656 eo
703 2598 903 2667 communices,
924 2595 985 2656 trim
1000 2610 1035 2657 ut
1055 2599 1092 2656 sio

164 2679 330 2757 pudefactus
342 2677 497 2761 resipiscet,
512 2693 572 2738 tum
586 2686 628 2738 ne'
636 2699 688 2738 suo
702 2679 831 2757 oontogio
844 2679 914 2738 elios
926 2680 1043 2740 inficiet.

99 2861 134 2912 ¹,
194 2839 233 2902 N.
250 2841 316 2901 149.
357 2841 416 2902 DE
437 2841 563 2902 VITIIS
584 2841 821 2902 CHARITATI
842 2841 1065 2904 OPPOSITIS.

160 2973 166 2986 ι
209 3079 212 3089 .
341 3002 377 3064 S.
396 3003 495 3066 tuom.
510 3013 609 3084 quest.
631 3004 680 3063 el.
693 2970 922 3082 assequentibus.

162 3165 190 3226 I.
210 3163 435 3228 Vtoaelarttao
444 3169 584 3245 opposito.
616 3166 657 3226 11.
676 3165 793 3226 Odium.
827 3166 885 3225 III.
897 3165 956 3226 Est
964 3155 1087 3245 duplae.-

203 3247 257 3308 IV.
276 3245 517 3319 dominatione,
569 3249 607 3307 V.
625 3247 670 3307 Et
690 3249 858 3308 inisero-itio.
907 3248 959 3308 VI.
985 3247 1089 3308 Odium

203 3327 264 3390 De·
277 3339 318 3390 cst
330 3331 487 3389 maximum
495 3339 655 3407 peccatum.
695 3327 764 3389 VII.
784 3330 892 3390 Odium
909 3333 1041 3407 prooeimi
1052 3339 1090 3388 ert

207 3429 355 3486 exponere
368 3431 420 3472 osto
433 3409 561 3474 mertolo.
601 3409 687 3471 VIII.
700 3409 848 3471 Monimou
861 3413 1035 3489 mmmm.

205 3567 401 3638 QUAENAM
415 3572 482 3632 vitio
495 3573 626 3632 dicuntur
640 3571 767 3632 oheriteti
780 3572 930 3651 opposita?

205 3651 243 3712 lt.
257 3652 434 3729 Quumqnom
448 3674 530 3714 omne
542 3666 689 3731 peceatum
704 3656 822 3714 mortale
835 3667 950 3714 eotenus
963 3649 1087 3714 maneti

163 3731 333 3802 adversetur,
347 3735 422 3808 qnod
434 3747 498 3794 sem
512 3736 645 3795 excludo
668 3747 697 3796 st
718 3737 862 3806 desuem
881 3736 974 3812 utiquo
995 3747 1087 3795 mmm

164 3814 381 3954 psdpppstpnpuprgis
394 3815 500 3877 directi
512 3815 641 3878 morituti
653 3829 841 3900 opponuntur,
861 3829 891 3881 et
903 3817 964 3900 ojus
981 3818 1087 3880 actibus
