2224 4050
373 285 415 324 nr
430 246 633 326 urnrurrsus.
948 245 976 320 ‘i'

77 421 297 497 QUOMODO
311 427 429 487 vimntee
445 425 653 506 acquiruntur?

76 507 99 569 1.
114 509 153 569 R.
173 507 324 568 Alterutro
348 527 384 568 ex
408 505 452 568 iris
472 507 581 568 duobus
595 508 695 580 modis,
718 519 768 586 per
789 505 967 579 infusionem,

39 589 79 651 rei
92 611 143 669 per
157 601 275 650 actuum
291 589 467 650 exercitium.
513 661 523 676 .

75 675 113 732 ΙΙ.
137 673 234 732 Ρτὶοτὶ
256 674 342 731 modo
363 673 544 751 acquiruntur
564 671 682 730 virtutes
704 672 928 748 supernaturales
942 671 990 738 8,

38 757 106 814 dona
121 755 251 832 Spiritris
263 751 368 824 Sancti,
383 755 457 813 sicut
470 751 669 812 &eorumdem
678 765 872 830 augmentum
887 753 970 810 iteum

38 849 109 895 actus
124 835 324 914 praecedentes
338 833 534 914 dispositiones
548 835 613 904 sint,
628 851 684 892 non
698 850 790 892 causae
804 835 971 901 efficientes;

38 919 136 996 qnippe
153 917 292 975 virtutum
318 917 471 976 inlusurum
485 919 543 976 sive
564 929 667 996 perse,
692 915 749 973 sive
766 931 817 992 per
830 914 970 982 recidens,

36 1019 114 1058 unsa
127 1005 178 1057 est
191 999 270 1056 solus
285 996 381 1073 Deus,
391 997 438 1076 qni
452 1007 554 1070 umen,
563 997 647 1074 juxte
661 994 751 1074 legem
766 1011 845 1055 suum
859 997 971 1056 ordina·

37 1083 109 1150 dam,
125 1075 194 1138 illas
208 1079 240 1137 in
253 1081 333 1138 nobis
347 1097 402 1138 non
414 1093 552 1156 operatur,
566 1079 619 1137 nisi
628 1079 671 1136 vel
686 1091 737 1156 per
752 1073 970 1138 sacramentam

36 1181 130 1220 canses
146 1159 389 1232 instrumentales,
404 1159 447 1219 vei
461 1159 565 1238 praevii
578 1159 773 1238 cooperatione
784 1159 881 1237 matie
895 1155 971 1228 Dei;

36 1241 701 1320 nuuclraeciueduloisneoessariaest,tanquatn
710 1239 969 1320 causediapositiru,

34 1339 78 1383 aut
93 1325 255 1382 meritoria.
596 1393 600 1398 Ι

72 1403 130 1464 Ill.
155 1399 314 1464 Posteriori
339 1405 432 1470 modo.
455 1403 563 1464 seilicet
583 1417 634 1484 per·
656 1417 769 1473 actuum
794 1395 969 1476 eremiticum,

34 1487 154 1545 viantes
168 1485 312 1545 naturales
333 1485 447 1564 acquiri,
468 1481 625 1545 conservari
639 1483 665 1544 ἃ
679 1487 774 1562 augeri
788 1487 898 1545 solent:
919 1501 972 1564 pet·

33 1589 117 1626 nuum
134 1568 217 1626 enim
233 1582 328 1626 actum
342 1569 453 1627 habitus
466 1568 572 1645 acquiri
581 1581 637 1625 aon
651 1563 732 1646 solet,
746 1565 799 1624 nisi
814 1565 886 1626 forte
899 1566 971 1628 adeo

34 1652 104 1708 ioret
117 1649 254 1708 intensus
269 1649 295 1706 a
310 1647 465 1717 distamus,
479 1661 511 1707 nt
525 1647 650 1726 pluribus
663 1643 851 1726 aequivaletet.

69 1727 233 1795 Quomodo
246 1729 364 1789 virtutes
378 1729 565 1789 amittuntur?

69 1813 123 1870 1v.
140 1813 178 1870 Id
194 1807 336 1890 contingit
355 1813 513 1890 dupliciter,
537 1811 642 1870 directe
664 1807 811 1870 scilicet&
826 1811 977 1872 indirectee'

69 1891 107 1951 V.
124 1891 315 1952 Amiutuntur
331 1895 436 1952 directe
450 1909 500 1971 ρετ
514 1903 594 1951 actus
606 1891 674 1970 ipris
688 1889 794 1953 duecte
809 1888 970 1964 contrictos,

30 1973 71 2034 rei
81 1993 136 2052 per
147 1975 271 2070 longum
283 1993 338 2033 non
347 1993 438 2044 usum,
450 1973 509 2033 sive
519 1975 701 2052 privationem
712 1975 836 2033 exercitii
847 1989 970 2048 actuum.

69 2053 124 2114 Vl.
137 2057 326 2114 Amrttuntur
337 2057 472 2115 indirecte
482 2073 532 2134 per
540 2055 715 2114 amissionem
729 2057 842 2114 alterius
851 2058 972 2132 antuus,

31 2157 92 2214 quae
107 2151 156 2196 est
167 2139 385 2197 fundamentum
397 2133 599 2216 &principium
614 2151 708 2195 earum
719 2153 728 2195 t
740 2137 780 2196 ite
793 2135 893 2196 emissi
904 2139 970 2206 fide,

31 2221 172 2277 amittitur
187 2239 266 2296 spes,
291 2219 392 2278 amisso
405 2215 549 2288 charitate,
572 2217 737 2276 amittuntur
755 2219 828 2277 done
850 2219 970 2296 Spiritira

31 2299 139 2368 Sancti,
164 2313 325 2376 omnesque
347 2297 462 2359 virtutes
484 2299 602 2358 morales
624 2299 741 2358 inlusa:
764 2298 829 2359 hinc
851 2317 970 2377 peccans

31 2382 203 2451 mortaliter,
234 2403 262 2439 v.
286 2402 313 2458 g.
340 2394 458 2460 peccato
481 2382 633 2450 ebrietatis,
659 2401 715 2438 non
737 2383 847 2440 mutim
865 2383 970 2440 amittit

31 2465 170 2521 virtutem
191 2465 401 2540 temperantiae,
423 2466 473 2522 scd
497 2464 582 2522 etiam
607 2463 723 2522 virtutes
738 2465 969 2541 supernaturales
1015 2527 1019 2536 ,

30 2544 181 2612 castitatis,
198 2541 377 2614 humilitatis,
392 2543 444 2603 &a
902 2561 905 2568 ·

1 2653 2 2658 ¹
69 2624 140 2702 Obj.
163 2626 191 2683 1.
220 2625 280 2689 Qui
300 2627 416 2684 iurando
437 2639 534 2702 peccat
555 2625 718 2694 mortaliter,
742 2637 835 2702 potest
858 2645 971 2684 manere

30 2719 145 2764 castus:
168 2726 244 2782 ergo
258 2705 360 2765 amissi
373 2707 516 2777 charitate,
533 2717 588 2765 tion
602 2708 767 2765 amittuntur
782 2708 897 2765 virtutes
911 2729 971 2766 mo-

30 2788 104 2845 rales
117 2788 239 2845 iniussae.
847 2811 851 2819 ¹

70 2869 224 2928 Probatur
249 2880 341 2928 antec.
381 2867 444 2928 talis
457 2878 552 2948 potest
564 2866 683 2928 retinere
706 2871 918 2948 propensionem
934 2871 970 2928 ad

31 2969 120 3028 opera
134 2951 300 3008 eastitatis:
314 2971 389 3028 ergo,
404 2953 456 3009 dtu.
841 3002 847 3012 ,
1042 3021 1048 3032 ⁸

75 3027 113 3089 ll.
137 3030 226 3090 Dist.
249 3045 340 3090 antec.
362 3030 411 3109 qui
433 3031 550 3090 iurando
572 3043 670 3110 peccat
690 3028 853 3102 mortaliter,
877 3043 972 3108 potest

30 3118 148 3171 manere
170 3119 272 3170 castus
286 3113 388 3172 virtute
413 3113 547 3172 castitatis
560 3113 770 3190 supernaturali,
795 3130 867 3190 nego
880 3127 970 3172 antec.

30 3195 140 3252 virtute
164 3194 309 3252 castitatis
329 3193 456 3262 naturali,
480 3195 603 3252 concedo
618 3205 709 3254 antee.
748 3187 874 3254 Virtutes
895 3195 971 3254 enirn

30 3275 179 3333 naturales
205 3293 265 3332 non
288 3289 354 3334 sunt
375 3293 508 3334 connexae
531 3273 667 3346 charitati,
694 3288 725 3333 ut
747 3275 855 3335 dicetur
883 3274 971 3334 Num.

31 3355 168 3432 sequenti
181 3380 190 3424 ;
207 3357 235 3412 δι
248 3357 323 3426 ideo,
337 3357 439 3417 amissi
452 3355 593 3428 charitate,
614 3373 670 3415 non
683 3369 798 3436 semper·
806 3357 972 3428 amittuntur

32 3439 156 3496 virtutes
171 3439 327 3496 naturales.

72 3517 207 3596 Obj.11.
223 3499 763 3598 Fidesaspessuntvirtuteuinsuia;
783 3520 972 3598 atqu-amen

34 3597 92 3658 dlae
108 3619 167 3660 uon
183 3595 358 3673 amittuntur,
366 3620 417 3677 per
430 3599 605 3658 amissionem
619 3596 759 3660 eharitatis
769 3617 780 3658 τ’
791 3615 858 3740 ergo
870 3598 971 3659 amissi

33 3681 175 3740 eharitm
190 3701 251 3738 non
266 3682 430 3741 amittuntur
443 3683 517 3740 dona
542 3681 661 3760 Spiritirs
687 3675 792 3753 Sancti,
855 3682 974 3742 virtutes

35 3763 160 3822 morales
175 3761 290 3820 infusae.
476 3782 479 3790 ·
665 3775 669 3786 ·

75 3843 118 3902 R.
134 3837 216 3921 leeg.
240 3860 319 3902 cons.
339 3839 425 3902 Ratio
439 3841 607 3922 disparitatis
621 3853 673 3914 eet,
694 3843 768 3919 quod
782 3841 897 3900 umatus
911 3859 972 3900 mo-

37 3925 112 4020 ralee
127 3924 243 4020 minsa,
266 3925 339 4020 sicut
352 3926 381 3984 8t
391 3926 465 3984 dona
479 3925 599 4004 Spiritus
615 3925 709 3984 Sancti
726 3924 782 3982 sint
796 3935 929 4002 connexus
942 3923 974 3980 iu

44 4032 122 4050 „t
153 4032 196 4050 .·.
306 4014 311 4050 ι
580 4035 586 4050 2
619 4029 726 4050 των.
750 4003 963 4050 ..·'21t·...;...·t·
