2248 4070
168 159 229 218 ³82
537 173 729 222 pascuariis
806 203 811 208 ·

197 322 235 380 N.
248 323 297 380 84.
338 323 396 383 DE
419 321 575 384 TITULO
597 321 788 383 PIETATIS
810 315 1078 383 nxcUSANTE.

304 485 329 545 Ι.
348 484 483 546 Excusat
492 490 585 565 pietur
598 489 632 548 in
645 485 744 546 Deum
756 496 783 544 ct
789 485 967 564 proximum.

210 648 314 714 QUID
338 649 503 726 intelligitur
524 669 576 728 per
598 650 712 709 titulum
736 649 858 727 pietatis,
882 651 918 708 ob
932 661 1020 724 quem
1038 645 1100 702 licet

169 731 307 790 serviliter
320 731 427 808 operari
441 732 487 790 dis
501 732 611 791 Festo?

211 814 235 871 1.
249 813 287 871 R.
301 814 471 891 intelligitur
484 813 575 890 pietas
586 814 616 871 in
637 813 733 872 Deum
754 812 815 870 sivo
840 811 942 870 Cultus
967 809 1099 878 Divinus,

169 908 199 952 at
212 896 300 972 pietas
314 893 343 953 iu
357 895 514 972 proximum
525 896 584 954 sive
597 914 669 973 opus
683 893 834 954 charitatis.

211 977 288 1034 Hinc
301 975 368 1036 licet
382 977 428 1034 dia
452 977 537 1035 Festo
551 975 659 1036 adferta
673 975 828 1035 neccssaria
851 975 887 1032 ad
912 971 1099 1038 Sacrificium,

169 1057 280 1134 pulsano
307 1077 464 1136 companas,
488 1059 597 1116 deferre
625 1077 738 1116 crucem
764 1068 793 1114 et
820 1055 973 1132 Imagines,
1003 1071 1100 1112 ornare

170 1139 288 1207 Altaria,
300 1139 350 1196 &c
359 1139 399 1196 ita
410 1139 603 1198 catechismus
614 1141 760 1198 Romanus
772 1139 914 1196 adducens
928 1135 1098 1194 seutentiam

169 1219 276 1278 Christi
303 1221 420 1278 Domini
448 1221 552 1280 Matth.
581 1239 641 1298 cap.
672 1219 717 1278 12.
742 1220 777 1278 V.
799 1222 828 1277 5.
853 1219 1051 1277 “Sacerdotes
1072 1215 1100 1271 in

169 1307 188 1336 “
204 1301 324 1378 Templo
340 1302 492 1360 Sabbatum
516 1303 631 1372 violant,
652 1315 681 1360 et
704 1302 764 1360 sinc
786 1301 902 1361 crimino
920 1297 1026 1357 suut:'’
1046 1297 1099 1354 hoc

169 1395 222 1452 est,
235 1383 399 1442 Sacerdotes
409 1384 515 1442 iaciunt
528 1385 556 1441 in
569 1383 689 1462 Templo
703 1401 787 1460 opera
800 1383 939 1440 laboriosa
952 1381 1097 1440 mactando

169 1465 300 1523 animalia
313 1466 348 1522 ad
364 1465 546 1533 Sacrificium,
561 1486 595 1524 aa
608 1466 794 1534 excoriando‚¹
803 1463 879 1540 ligna
892 1463 1095 1539 componendo,

170 1547 222 1604 &c
234 1558 263 1602 at
272 1545 313 1604 sic
322 1546 476 1604 sccundsim
490 1560 634 1605 excernens
647 1547 836 1624 apparentiam
850 1546 985 1602 videntur
995 1541 1094 1600 violare

173 1625 340 1694 Sabbatum
360 1647 426 1686 nam
447 1629 472 1685 ai
495 1647 580 1705 upana
602 1629 651 1687 illa
674 1649 730 1686 non
757 1629 855 1686 fiarent
877 1645 913 1685 ex
935 1626 1044 1703 pietate
1070 1624 1097 1688 in

171 1708 277 1776 Deum,
293 1709 442 1768 Sabbatum
458 1710 601 1768 violarent.
676 1730 683 1754 κ

212 1789 279 1866 obj.
294 1790 358 1848 Non
383 1791 450 1849 licat
473 1791 519 1850 (lie
542 1791 626 1850 Festo
647 1791 786 1850 aedifluare
810 1789 939 1867 Templa,
960 1786 1096 1846 conficere

171 1871 281 1941 culices,
296 1872 349 1930 ac.
362 1891 429 1949 argo
442 1873 533 1950 pietus
546 1891 603 1932 non
616 1884 741 1933 excusat.

212 1952 249 2011 R.
267 1955 341 2030 Neg.
354 1973 466 2030 conseq.
481 1955 566 2014 Ratio
581 1967 633 2024 est,
648 1955 723 2031 quod
737 1971 821 2031 opsru
833 1951 895 2010 heac
908 1949 1098 2029 principaliter

170 2047 237 2092 suut
250 2035 361 2094 servilis
375 2035 542 2106 nwchuniw,
566 2055 630 2113 quos
644 2037 751 2111 remota
764 2036 871 2094 tantini
893 2047 923 2092 at
936 2051 1098 2111 praesuppo·

170 2115 253 2174 sitivi
265 2115 302 2174 ssl
316 2117 423 2175 cultum
438 2117 495 2176 Dei
509 2137 539 2176 so
553 2117 665 2178 habent.

183 2213 187 2218 ·
213 2197 269 2255 Pro
282 2217 338 2274 quo
353 2212 427 2268 nota,
451 2201 507 2258 alia
528 2219 589 2259 esse
609 2217 700 2278 oparu‘
717 2197 829 2276 pietatis
850 2197 914 2255 “da
934 2195 991 2265 se,”
1016 2205 1099 2271 prout

170 2279 292 2356 sepelire*
302 2292 437 2350 mortuos,
448 2282 551 2340 servire
564 2282 690 2352 infirmis,
702 2283 754 2340 lec.
765 2279 865 2338 othasc
874 2294 985 2356 semper
994 2276 1098 2334 licent:

170 2361 303 2420 aliasuut
328 2381 413 2440 opes-a
434 2363 547 2440 pietatis
569 2364 677 2422 tantam
700 2383 751 2441 par
774 2362 904 2421 accidens
926 2372 957 2418 et
980 2361 1097 2426 remota,

192 2445 307 2501 uatenis
330 2446 366 2502 ad
392 2443 524 2522 pictatem
546 2447 717 2514 ordinantur,
739 2456 771 2502 ut
795 2443 904 2502 Domus
930 2438 1097 2516 Religiosiss,

171 2463 301 2601 iampla,
317 2525 426 2584 Calices
440 2527 584 2596 fabricare,
599 2525 651 2586 &c
666 2540 695 2585 at
708 2525 769 2584 huc
782 2545 839 2582 non
852 2537 917 2581 sunt
939 2523 1028 2590 licitu,
1048 2521 1096 2577 nisi

171 2604 227 2662 alia
240 2607 311 2680 ratio
324 2609 457 2666 accedat:
472 2609 536 2686 quia
549 2605 706 2668 observatio
716 2607 792 2666 Festi
806 2619 850 2664 est
859 2623 930 2684 opns
941 2602 1097 2678 Religionis

172 2687 222 2764 per
235 2706 266 2744 se
287 2700 315 2745 at
337 2689 366 2746 in
387 2703 537 2767 praeccptn‚
560 2693 686 2766 adeoquo
710 2688 942 2766 proferridsbet
966 2684 1096 2762 operibus

172 2767 284 2846 pietatis
298 2789 348 2848 per
361 2771 490 2829 accidens
504 2783 533 2829 at
552 2773 654 2832 liboris.
733 2795 737 2814 =

214 2851 264 2908 An
276 2849 344 2909 licet
357 2847 408 2930 pro
430 2853 488 2910 alic
510 2853 634 2912 laborare
658 2854 752 2929 grans,
774 2871 801 2908 v.
816 2871 844 2927 g.
866 2861 969 2908 terrum
993 2847 1095 2914 fodere,

173 2944 278 2990 metere
292 2949 384 3008 gano,
399 2935 450 2992 &c
465 2935 528 2992 clm
543 2934 605 2992 haec
618 2931 674 2992 sint
687 2953 772 3012 opera
785 2931 947 2990 charitatis?

215 3013 252 3071 R.
267 3013 339 3090 Nug.
352 3015 406 3072 nisi
429 3027 574 3074 concurrat
597 3035 680 3074 causa
702 3014 894 3082 necessitatis3
913 3011 980 3089 quin
998 3009 1096 3066 similis

170 3107 239 3152 suut
251 3109 336 3173 opera
357 3097 546 3174 principaliter
569 3099 688 3168 servilia,
711 3109 741 3156 ot
763 3097 871 3155 tuatim
894 3113 946 3172 par
969 3091 1097 3152 occidens

173 3175 323 3246 charitatis,
335 3179 441 3237 scilicet
455 3200 490 3236 ex
504 3179 657 3238 intentione
672 3178 828 3256 operantis:
843 3197 929 3255 opera
942 3188 1036 3234 sutem
1050 3191 1096 3250 per

173 3258 302 3318 accidens
316 3257 457 3318 charitatis
470 3279 527 3318 non
541 3275 605 3317 sunt
619 3255 704 3328 licita,
724 3257 779 3317 nisi
792 3259 864 3318 adsit
885 3259 941 3316 alia
958 3256 1050 3314 ratio:
1069 3266 1094 3310 ct

172 3339 256 3402 sicin
271 3341 435 3399 necessitate
456 3355 551 3418 potest
573 3343 635 3418 quis
653 3341 738 3400 ulium
758 3339 898 3417 adjuvare,
921 3339 1094 3398 introducere

136 3459 138 3470 ,
173 3439 303 3490 massam,
318 3428 368 3490 &c
384 3424 491 3480 etiamsi
507 3424 571 3480 inde
586 3425 698 3482 lucrans
708 3423 873 3501 perciperet.

215 3501 263 3558 An
278 3503 343 3562 licet
364 3504 487 3562 laborare
502 3505 547 3562 die
572 3505 657 3572 Festo
680 3524 715 3562 co
738 3505 804 3573 lina,
828 3514 861 3561 ut
885 3503 995 3560 lucrum
1019 3503 1096 3560 datur

174 3583 341 3656 pauperibus
355 3585 400 3642 vel
416 3584 573 3644 Ecclesiae?

217 3661 253 3718 R.
272 3663 426 3740 Negativc3
448 3668 512 3742 quia
526 3688 582 3724 non
596 3679 639 3726 ast
662 3667 813 3726 necessitas
835 3665 919 3726 dandi
943 3665 1095 3740 al'e'cmosy-

176 3757 249 3808 nam,
258 3742 311 3798 nisi
325 3746 434 3812 axillis,
447 3767 509 3822 qnae
524 3749 638 3806 servatis
653 3749 790 3810 Ecclesiae
802 3747 950 3826 praecaptis
960 3747 1096 3824 superflun

174 3835 258 3880 sunt:
281 3823 303 3878 si
318 3826 382 3882 vero
396 3845 501 3902 pauper
515 3829 558 3886 vel
574 3829 702 3887 Ecclesia
715 3831 788 3888 foret
801 3829 831 3886 in
849 3829 899 3887 tali
923 3828 1095 3894 necessitate,

175 3912 209 3957 ut
221 3901 275 3979 ipsi
289 3902 386 3964 liceret
399 3907 532 3980 laborare,
547 3922 607 3967 tum
621 3911 706 3969 etiam
721 3911 797 3970 licito
811 3909 951 3969 laborares
964 3930 1015 3988 pro
1030 3909 1094 3988 ipso,
