2240 4060
456 199 563 242 innox.
940 182 970 241 ix

922 341 970 391 Peg.

39 339 152 450 illube
166 389 359 450 distributione
373 390 531 468 gratiarnm.
574 392 612 490 Et
626 393 661 452 do
682 392 770 470 gratia
788 390 849 469 jus·

123 484 224 542 torum,
909 473 969 529 427

40 555 81 609 17
103 554 150 612 De
164 553 253 630 grotia
266 573 328 630 quar
342 553 425 612 datur
437 555 629 632 peccatoribus
644 567 672 613 et
686 555 829 614 obduratis
910 555 970 612 4⁶28

41 635 83 691 18
105 636 152 693 An
166 635 309 696 obduratis
323 655 433 713 semper
443 636 525 694 detur
535 636 631 712 gratia,
653 650 769 714 urgente
779 656 848 714 prae-

163 728 246 793 cepto
260 716 471 794 supernaturali,
639 759 648 776 .
730 760 738 777 .
819 759 827 777 .
910 717 971 774 430

39 797 81 852 19
103 797 151 856 De
164 798 269 856 auxilio
282 798 432 857 sufficienti
446 819 497 877 pro
512 797 643 877 parvulis,
819 840 827 858 .
909 799 969 863 432
1012 813 1015 818 '

37 879 81 934 20
103 880 150 939 De
163 879 252 956 gratia
265 879 427 951 sufficiente,
910 879 972 938 334

37 961 77 1016 21
103 961 151 1020 De
163 961 252 1036 gratia
265 961 380 1030 efficaci,
553 1005 561 1020 .
643 1003 651 1019 .
731 1003 740 1020 .
821 1005 829 1021 .
909 963 971 1020 436

37 1042 80 1096 22
104 1043 151 1102 De
171 1042 232 1100 aliis
243 1043 339 1117 gratiae
353 1043 545 1112 divisionibus,
595 1041 599 1050 ’
641 1085 649 1101 .
731 1086 738 1102 .
821 1087 828 1102 .
909 1043 970 1100 439

38 1123 80 1178 23
105 1124 151 1180 De
165 1124 304 1182 erroribus
318 1123 455 1182 damnatis
469 1124 499 1182 in
512 1125 629 1184 matoria
642 1125 678 1182 da
692 1125 788 1202 gratia,
909 1125 981 1182 4411

37 1204 81 1260 24
103 1204 150 1262 Do
163 1205 301 1263 erroribus
311 1205 446 1272 ιΙιιιιιιειιίἰ,
910 1206 970 1264 atu
1012 1253 1019 1266 ι

38 1287 80 1341 25
103 1285 150 1344 Da
164 1286 302 1346 erroribus
311 1285 619 1358 PaschasiiQnesnolli,
821 1328 831 1350 ,
912 1287 972 1344 444

222 1413 225 1424 ’
292 1449 350 1508 aa
370 1448 723 1510 onsurarcnnroun.

39 1611 81 1666 26
103 1610 180 1678 Quid
193 1612 231 1670 sit
248 1610 421 1689 justificatio,

37 1693 79 1748 27
104 1693 150 1752 Da
164 1693 304 1752 deletione
318 1705 496 1771 peccatorum
511 1693 540 1750 in
550 1691 762 1770 justificatione,

37 1774 83 1829 28
105 1777 152 1834 De
164 1773 275 1851 justitia
288 1775 452 1852 imputativo
465 1771 670 1846 haeretieorum,

37 1856 82 1912 29
104 1857 152 1914 Do
165 1857 366 1933 praeporationa
380 1876 431 1915 seu
452 1855 634 1933 dispositione
658 1857 695 1915 ad
714 1855 853 1936 justifica·

163 1937 279 2008 tionem,
677 2003 678 2006 Ἴ

37 2020 82 2074 30
106 1983 152 2076 D'e
165 2019 221 2077 fide
230 2018 401 2096 justificante
416 2029 445 2076 et
459 2019 573 2095 speciali
594 2017 789 2080 haereticorum

37 2103 80 2156 31
106 2099 152 2158 De
166 2101 333 2159 certitudine
351 2099 440 2158 statiua
459 2100 555 2175 gratiae
569 2113 598 2159 et
612 2101 687 2172 fidei,
823 2139 832 2157 .

37 2181 84 2236 32
106 2179 153 2239 Da
170 2183 260 2240 oausis
276 2181 482 2259 justificationis
496 2181 583 2258 impii,
710 2189 712 2194 ’

37 2263 83 2318 33
106 2259 152 2320 De
163 2264 253 2321 modis
262 2263 479 2340 justificationis,
822 2304 830 2322 .

37 2347 84 2403 34
106 2345 152 2404 tta
167 2345 333 2404 excellentia
341 2343 559 2422 justificationis,
641 2385 650 2404 .
731 2384 740 2402 .
821 2385 830 2404 .

384 2506 439 2565 oa
461 2473 637 2566 Mamro'.

40 2673 83 2728 35
107 2669 154 2728 Do
168 2669 329 2729 definitione
343 2682 373 2728 et
387 2667 522 2727 divisione
536 2668 637 2739 mariti,
819 2708 829 2727 .
873 2672 880 2686 ⁸
913 2668 972 2726 456

39 2756 80 2810 36
106 2749 152 2809 Da
166 2751 335 2828 obligatione
344 2749 462 2826 jutitiae
476 2749 505 2806 in
519 2751 629 2821 merito,
820 2789 828 2805 ·
910 2751 972 2808 460

39 2837 81 2892 37
105 2833 152 2891 De
166 2832 372 2892 conditionibus
386 2830 525 2907 requisitis
539 2833 575 2890 ad
590 2832 722 2890 meritum
736 2830 771 2890 de
786 2851 853 2890 cou-

163 2915 258 2990 digno,
911 2912 969 2972 461

39 2999 82 3054 38
104 2997 151 3054 De
165 2995 320 3071 quantitate
334 2992 436 3061 meriti,
642 3035 650 3052 .
731 3033 740 3051 .
821 3033 829 3050 .
910 2995 971 3053 464

39 3081 82 3135 39
107 3079 152 3135 llo
166 3077 282 3152 hisqnae
294 3077 463 3136 oaduntsnb
478 3075 619 3143 meritum,
823 3115 831 3131 .
913 3075 972 3132 465

39 3162 83 3218 40
108 3158 152 3216 llo
175 3159 274 3216 merito
296 3157 510 3236 perssvamntiae
534 3168 563 3214 st
587 3154 769 3234 reparationis
788 3167 853 3233 post

124 3239 241 3317 lapsum,
913 3237 973 3294 466

41 3324 80 3380 41
105 3323 152 3382 De
167 3321 267 3380 merito
279 3322 415 3380 bonorum
430 3319 637 3398 temporalium,
821 3360 829 3376 .
911 3318 970 3374 467

392 3665 477 3705 attus
499 3663 630 3704 tunneto.
