2226 4064
162 179 222 240 272
368 155 371 173 ι
538 193 731 238 eanonicus

162 340 201 400 N.
218 342 264 400 16.
285 339 343 400 DE
357 339 696 400 DISPENS'ATIONE
710 339 755 399 IN
769 337 881 401 LEGE
896 339 1095 402 NATURAE

400 505 429 564 S.
449 501 548 562 mom.
563 511 664 582 qcaeot
680 504 748 562 loo.
762 513 818 563 ost.
833 503 861 562 8.

161 667 186 726 l.
207 667 396 746 Dispensatio
429 645 485 725 ’Πῖ
508 667 577 726 Νοιι
601 667 691 725 dolor
711 668 745 724 io
758 667 832 744 jun
854 673 989 725 naturae.
1043 665 1102 726 Ill,

201 749 265 808 Lex
286 759 410 808 acturae
433 767 490 807 ooo
511 759 605 827 potest
624 749 772 826 abropoou
815 747 868 806 IV.
889 747 995 808 Datur
1009 749 1044 806 io
1064 768 1093 807 eu

201 833 397 909 intepretata
410 829 538 908 simplex.
579 831 616 890 V.
636 829 705 889 Non
718 829 786 889 vead
797 829 916 910 cpikcc'o.

200 993 226 1054 1.
247 994 300 1052 PR
308 991 596 1063 AENOTANDUM,
611 991 847 1071 dispensationem
860 1013 922 1052 esse
941 961 1102 1052 relaxatio·¹

159 1095 224 1136 nem
239 1075 309 1153 legis
318 1077 347 1133 in
360 1075 454 1152 aliquo
462 1075 622 1152 particulari
633 1095 708 1148 casu,
718 1077 883 1154 factamper
892 1074 1089 1134 authoritatem
1101 1113 1102 1120 ι

51 1151 59 1162 ’
160 1158 327 1236 Superioris,
337 1169 467 1216 manente
476 1157 592 1215 materiis
603 1167 631 1216 et
641 1157 704 1234 lege
714 1177 771 1216 non
781 1158 888 1216 mutati
898 1157 927 1216 iu
938 1159 1090 1216 communi.

200 1241 248 1297 Au
263 1239 292 1297 in
306 1239 368 1316 lege
382 1251 490 1297 naturae
503 1249 598 1316 potest
611 1239 671 1296 dari
691 1238 886 1317 dispensatio?

198 1321 239 1378 ΙΙ.
256 1321 293 1379 R.
308 1321 380 1398 Neg.
396 1321 432 1378 ob
446 1320 567 1378 ratione's
575 1319 634 1398 ja'm
656 1322 744 1390 datas,
767 1322 831 1378 ciun
852 1321 899 1379 lex
920 1331 1033 1379 natum
1055 1322 1102 1380 sit,

157 1402 313 1462 necessaria
326 1415 355 1460 et
368 1402 558 1472 immutabilis,
571 1403 645 1460 sicut
658 1403 705 1460 lex
720 1414 842 1471 aetema;
861 1404 937 1480 unde
954 1401 1042 1461 Deus
1061 1403 1087 1460 in

156 1481 207 1543 illo
220 1485 379 1562 dispensare
393 1501 449 1541 non
463 1493 567 1561 potest,
579 1484 664 1542 sicuti
672 1485 795 1562 seipsum
804 1500 907 1562 negare
916 1503 976 1542 nou
987 1496 1085 1562 potest

198 1564 264 1644 Obj.
279 1566 303 1624 Ι.
317 1566 398 1624 Deus
412 1564 582 1642 dispensavit
595 1565 625 1622 in
639 1565 702 1642 lege
717 1573 838 1631 naturae,
859 1566 928 1624 dum
950 1567 1085 1644 praecepit

157 1647 281 1706 Abrahae
295 1645 440 1704 immolare
454 1647 543 1703 filium
553 1665 635 1704 suum
650 1647 729 1705 Isaac
739 1647 934 1720 innocentem:
948 1667 1029 1724 ergo,
1038 1649 1085 1706 &a

197 1729 235 1787 R.
250 1728 323 1805 Neg.
337 1728 464 1787 anteced.
478 1727 543 1822 quia
556 1727 602 1786 lex
615 1739 723 1786 naturae
737 1747 794 1786 ιιοιι
807 1729 936 1806 probibet
956 1729 1084 1788 occidere

125 1879 127 1882 Ι
155 1807 332 1869 innocentem
350 1809 433 1887 J'ussu
454 1810 542 1888 ipsius
557 1809 622 1878 Dei,
645 1809 694 1908 qui
715 1822 847 1887 tanquam
870 1811 936 1868 vitae
954 1823 987 1870 et
1011 1811 1102 1870 ueois¹

154 1889 304 1962 Dominus,
328 1891 401 1950 sicut
424 1911 475 1970 per
496 1891 627 1968 seipsum,
652 1893 693 1949 ita
716 1904 745 1950 et
768 1912 819 1969 ρει·
844 1891 931 1950 alium
955 1893 1084 1951 occidere

154 1985 266 2054 potest·
287 1971 338 2032 sed
352 1973 460 2030 tantum
474 1971 602 2050 prohibet
615 1973 745 2032 occidere
758 1973 925 2032 authoritate
944 1969 1066 2068 privati.

192 2055 261 2133 Obj.
276 2052 315 2113 11.
330 2054 495 2132 Polygamia
508 2073 559 2112 seu
571 2053 717 2130 pluralitas
730 2061 851 2113 ux'orum
865 2067 908 2114 est
922 2067 1023 2114 contra
1038 2054 1084 2132 J'as

153 2149 279 2196 naturae:
308 2137 386 2216 atqui
410 2149 504 2194 tamen
531 2135 609 2194 illam
632 2137 759 2214 permisit
785 2137 867 2196 Deus
895 2135 1083 2198 Patriarcbisa
1101 2179 1102 2188 .

154 2239 230 2288 ειο,
245 2220 297 2277 &u

184 2239 232 2359 gil.
247 2297 412 2378 Polygamia
425 2319 482 2356 non
496 2311 539 2356 est
553 2309 651 2357 contra
669 2297 717 2376 jus
739 2309 848 2358 namra
866 2299 1039 2396 simpliciter
1058 2313 1084 2359 et

153 2383 290 2452 absolute,
305 2382 368 2440 cium
383 2399 439 2438 non
453 2381 588 2458 impediat
610 2377 795 2458 primarium
794 2382 965 2440 matrimonii
990 2383 1083 2451 finem,

153 2464 202 2540 qui
216 2478 259 2522 est
272 2463 438 2541 procreatio,
460 2464 511 2520 sed
535 2463 642 2519 tannim
663 2463 867 2534 secundarium,
889 2464 938 2539 qui
961 2477 1008 2522 est
1031 2481 1083 2540 pax

153 2547 286 2604 familiae:
307 2565 405 2623 pacem
420 2555 514 2602 autem
529 2543 606 2601 illam
620 2543 702 2602 Deus
724 2544 837 2602 aliunde
861 2565 1013 2622 procurare
1037 2565 1085 2623 po·

153 2639 235 2697 terat,
250 2627 293 2684 vel
313 2627 348 2684 ob
369 2627 454 2684 finem
477 2625 727 2701 multiplicationis
736 2626 832 2684 tidelis
855 2627 952 2704 populi
976 2639 1083 2721 poterat

150 2707 281 2784 aliqualis
302 2709 350 2766 illu
365 2709 546 2802 perturbatio
570 2707 686 2764 familiae
707 2707 852 2784 permitti.
872 2709 947 2766 unde
970 2709 1082 2766 mutatis

154 2791 320 2866 quibusdam
348 2788 571 2859 circumstantiis,
598 2788 759 2865 polygamia
785 2790 878 2865 potuit
904 2809 966 2848 esse
1002 2789 1084 2848 licita.

153 2868 229 2931 Vide
243 2871 330 2930 Num.
345 2873 422 2928 67.‘
426 2871 478 2928 ‘de
493 2867 701 2928 Matrimonia?
803 2897 806 2905 ·

199 2953 265 3014 Alia
289 2952 416 3030 quaedam
440 2952 543 3009 similia
566 2953 640 3008 facta
667 2950 844 3028 objiciuntur,
868 2965 901 3010 ut
927 2954 966 3012 de
990 2953 1083 3011 libello

155 3035 273 3132 repudii,
299 3037 334 3092 de
355 3033 534 3098 matrimonio
553 3033 627 3090 inter
651 3034 764 3092 fratrum
792 3046 822 3092 et
847 3053 981 3102 sonorem,
1011 3037 1084 3111 quod

155 3119 229 3178 inter
243 3116 351 3176 Adami
365 3115 468 3172 liberos
482 3115 589 3172 licitum
605 3114 667 3172 luit.
709 3116 758 3172 Ad
772 3133 835 3191 quae
849 3116 953 3196 pariter
972 3137 1083 3194 respon·

156 3202 247 3270 detur,
262 3197 312 3256 illa
324 3217 380 3254 non
395 3217 455 3254 esse
471 3209 567 3254 contra
576 3193 624 3273 J'us
638 3207 745 3254 naturae
765 3197 931 3296 simpliciter
954 3210 985 3256 et
1008 3200 1083 3257 abso-

155 3281 239 3350 Ιιιιει
257 3281 353 3368 sicque
380 3278 410 3335 in
438 3278 604 3355 quibusdam
634 3277 849 3338 circumstantiis
875 3280 1002 3356 potuisse
1025 3299 1083 3338 esse

156 3363 243 3422 licita.

199 3440 264 3518 Obj.
278 3441 333 3498 Ill.
351 3439 517 3516 Obligatio
504 3440 659 3518 Juramenti
672 3441 718 3499 vel
731 3441 790 3499 voti
804 3451 847 3500 est
867 3442 939 3521 juris
963 3453 1083 3510 naturae3

157 3523 236 3599 atqui
250 3535 343 3578 tamen
356 3521 385 3578 iu
398 3521 454 3578 illis
469 3522 660 3598 dispensetur·
682 3539 757 3600 ergo,
772 3524 824 3582 dcc.

201 3605 237 3660 R
249 3602 322 3677 Neg.
336 3621 447 3696 oposeq
466 3604 601 3678 quianon
615 3603 810 3698 dispeusatur
802 3625 832 3662 ιιι
845 3604 1015 3700 obligatione
1029 3608 1084 3664 voti

160 3683 226 3741 vel
215 3683 366 3764 Juramcnti
388 3698 518 3742 manente
543 3697 609 3742 voto
623 3697 671 3742 aut
690 3683 859 3762 juramento,
881 3687 979 3744 sed'
953 3707 1015 3746 mcc
1029 3687 1084 3745 Dei

160 3767 252 3842 ipsum
277 3776 373 3820 votum
394 3763 475 3821 vel
462 3778 652 3859 Juramentum
680 3786 730 3843 per
759 3767 922 3845 Superiores
950 3768 1084 3828 Ecclesiae

166 3845 270 3902 ollitur
282 3863 332 3901 seu
345 3844 450 3900 relaxat
439 3855 493 3914 t,ur
518 3846 613 3921 sicque
628 3847 761 3926 obligatio
783 3849 848 3910 inde
869 3862 967 3910 exorta
988 3853 1084 3928 sponte

179 3937 252 3984 assat
266 3943 315 4000 per
328 3925 510 3985 remotionem
524 3927 656 3988 materia.
