2188 4052
323 111 364 154 nr
384 113 588 181 unrurraus.
864 93 921 151 105

8 255 76 324 tertii
95 252 250 316 debazaro
263 255 334 316 dioit
346 257 496 318 lectionem
513 257 666 334 Scripturae
682 256 775 316 Sacrae
794 273 921 315 neooesa·

8 341 63 398 ran
72 337 103 396 ad
113 335 252 397 salutem:
266 339 395 398 similiter
406 341 436 400 S.
447 341 641 417 Hieronymus
651 338 775 398 bortatur
784 351 828 397 est
836 339 920 396 etiarn

9 419 122 486 laninas,
129 419 256 489 Paulam,
264 421 518 488 Eustochium,8ro.
530 423 566 478 ad
579 415 724 497 legbndarn
734 421 919 497 Scripturam:

10 521 61 576 ugo
75 499 214 576 Scriptura
228 502 314 560 Sacra
327 504 362 560 ab
374 504 502 562 omnibus
513 503 631 580 legenda
640 515 682 562 est
690 503 774 570 etiam
786 503 815 560 in
825 501 921 578 lingna

8 582 104 656 rulgari.

41 663 69 720 R.
81 662 123 720 1⁰.
137 661 279 739 Nagaudo
293 685 405 741 conseq.
418 665 447 722 in
461 665 558 742 primis
571 665 613 722 illi
630 665 727 724 Patres
741 685 797 722 nou
821 663 919 724 dieunt

9 745 158 820 Scripturam
175 744 290 804 Sacram
304 747 450 824 legendam
465 767 527 806 esse
541 747 569 804 in
585 747 680 822 lingua
693 767 749 807 non
763 765 859 804 sacru:
878 747 919 802 la·

8 825 73 882 nina
85 837 176 882 autem
192 826 260 899 illae,
276 829 377 904 quibus
391 829 515 905 loquitur
530 828 560 888 S.
575 829 693 886 Hieron.
707 827 845 888 callebant
865 827 918 886 liu·

9 927 71 983 gnam
84 906 207 966 latinam.

38 987 69 1046 R.
80 990 126 1044 ⁶2⁰.
149 989 322 1060 Dicendum,
337 992 413 1067 qubd
426 993 456 1050 in
470 990 524 1052 boe
537 1004 643 1070 puncto
657 991 804 1068 disciplina
818 989 918 1048 Euole-

9 1069 154 1130 tenuata
174 1071 223 1140 sit,
246 1072 330 1130 sicuti
351 1086 459 1132 mutata
478 1085 522 1134 est
537 1073 706 1134 Communio
726 1073 777 1130 sub
798 1073 916 1146 utraque

11 1151 88 1226 specie,
103 1163 131 1210 et
145 1151 318 1211 Communio
329 1155 500 1230 quotidiana.
535 1155 611 1214 Olim
623 1155 697 1212 enim
709 1154 807 1212 fideles
818 1154 916 1212 Pasto-

11 1233 65 1290 ribus
77 1233 278 1304 submissiones,
298 1237 333 1294 ab
352 1236 409 1297 illis
422 1237 542 1296 fideliter
556 1249 585 1296 et
599 1235 741 1294 humiliter
755 1235 918 1294 hauriebant

8 1315 137 1390 ,smptus
150 1334 266 1374 sensum
281 1317 341 1376 aine
351 1337 541 1394 perversarum
553 1317 762 1376 translationum
773 1315 916 1392 periculo:

9 1413 64 1452 anno
76 1415 136 1454 vero
155 1394 352 1456 baereticorum
378 1400 508 1476 exemplo
532 1412 630 1458 exorta
643 1411 686 1456 ast
708 1399 796 1458 libido
810 1397 916 1456 dissen-
950 1423 955 1433 ·

10 1475 112 1534 laudii
137 1477 320 1546 Paatnribus;
343 1492 373 1538 et
396 1482 589 1558 experimento
610 1481 788 1538 manifestum
804 1491 856 1547 est,
879 1497 916 1536 ex

8 1555 141 1632 ,promiscui
151 1557 307 1636 Scripturas
321 1561 415 1620 Sacrae
423 1563 553 1632 lectione,
565 1561 691 1621 homines
700 1561 775 1620 affici
783 1559 915 1618 tumidio·

11 1657 49 1706 res,
60 1639 244 1716 inquietiores,
259 1655 289 1700 et
302 1643 431 1702 universa
445 1645 533 1721 magis
546 1644 659 1702 sciolos.

37 1717 82 1778 Pro
95 1741 128 1780 eo
151 1723 232 1798 quod
255 1744 290 1782 ax
307 1725 360 1784 SS.
375 1725 505 1784 Patribus
526 1725 666 1802 objicitur,
691 1725 816 1792 observa,
837 1723 914 1799 qued

10 1801 57 1858 dun
69 1821 122 1861 rem
136 1805 288 1878 quamdam
299 1826 351 1866 suo
364 1819 491 1884 tempora
504 1827 655 1883 congruam
669 1819 699 1864 et
712 1806 810 1874 utilem
824 1805 914 1862 incul-

11 1901 54 1940 ure
65 1883 201 1954 volebant
214 1887 365 1962 aliquando
378 1889 423 1954 usi
435 1889 493 1946 sint
508 1889 609 1958 verbis,
622 1888 723 1964 quibus
736 1907 793 1944 non
807 1887 913 1944 utilitas

10 1965 79 2034 uodb,
95 1967 144 2029 sed
158 1979 190 2025 et
203 1969 331 2028 absoluta
343 1971 494 2028 nenessitas
508 1970 599 2047 primia
612 1970 702 2028 fronte
724 1968 912 2028 indiceretur:

11 2047 64 2120 qudd
90 2060 184 2106 autem
207 2069 263 2106 nou
288 2051 447 2110 censuerint
469 2051 618 2110 lectionem
643 2050 793 2126 Scriptura
819 2049 913 2110 sacre

9 2131 187 2188 eseomnibus
201 2133 395 2201 neeessariam,
419 2133 486 2192 satis
508 2133 621 2192 aliunde
640 2131 798 2208 colligitur:
819 2143 850 2190 et
872 2131 912 2190 ita

11 2207 100 2284 ipsemet
114 2209 143 2270 S.
158 2210 379 2288 Chrysostomus
394 2214 481 2272 Hom.
495 2216 544 2275 21.
558 2215 587 2272 in
601 2213 736 2274 Genesim
761 2211 840 2282 dicit,
853 2229 911 2270 uon

12 2291 108 2350 nuribus
134 2295 300 2352 scrutandas
323 2315 385 2359 esse
411 2296 584 2372 Scriptum
605 2309 634 2354 et
663 2295 693 2354 S.
718 2294 911 2371 Hieronymus

13 2371 102 2430 ruibens
115 2375 150 2432 ad
167 2374 317 2432 Paulinum
338 2378 527 2453 conqueritur,
548 2378 624 2454 qubd
645 2375 768 2434 universi
783 2375 908 2453 Scriptu-

12 2469 49 2510 un
61 2453 165 2514 &oram
181 2455 275 2532 legere
288 2469 318 2515 et
330 2457 505 2536 interpretari
519 2472 698 2536 praesumant.

10 2591 83 2674 'usn
103 2615 659 2764 ounsrronussqrcqeqmnnn
671 2618 908 2681 scaurum

12 2857 27 2914 Ῑ·
39 2855 128 2935 ‘illim'
141 2859 211 2920 libri
222 2865 301 2920 tucri
308 2867 469 2941 perierunt.
508 2865 549 2924 11.
568 2862 762 2941 Auomapta
775 2882 834 2922 non
847 2882 908 2920 um-

33 2939 97 3015 plids
121 2952 228 3002 autam.
270 2945 326 3004 ΙΙΙ.
353 2945 523 3006 Autkoritos
550 2957 654 3006 nomo
680 2945 815 3022 ualeatoe.
855 2944 907 3004 lv.

36 3021 138 3098 Reate
144 3044 204 3102 pro
218 3026 407 3103 intelligentia
424 3029 527 3106 Serviat
544 3031 574 3090 S.

37 3186 82 3244 AN
94 3189 178 3268 aliqui
193 3188 257 3254 libri
270 3189 341 3248 sacri
355 3189 517 3267 perierunt?
682 3247 684 3252 ,

37 3267 54 3323 l.
70 3269 102 3328 R.
116 3271 310 3328 Affirmativb:
331 3285 410 3348 patet
424 3293 459 3330 ex
474 3273 542 3350 ipsis
557 3272 665 3342 Bibliis,
679 3271 708 3330 in
722 3270 823 3346 quibus
838 3269 906 3330 rarii

14 3341 53 3404 libri
63 3351 173 3412 citantur
192 3352 274 3410 nobis
288 3353 431 3429 incogniti,
457 3367 489 3412 ut
502 3367 568 3412 sunt
589 3355 658 3412 visio
674 3352 760 3412 Addo
776 3351 905 3420 ridentis,

16 3427 44 3484 2⁰·
58 3430 164 3510 Paralip.
191 3433 244 3492 tria
263 3433 357 3492 millia
382 3435 580 3494 Parabolarum
597 3433 753 3506 Salomonis
778 3435 808 3492 8.
832 3433 905 3512 Reg.

16 3524 52 3584 up.
62 3513 85 3571 4.
97 3519 145 3574 &a

39 3593 73 3650 An
84 3595 167 3654 adbuc
179 3608 278 3656 extant
291 3596 471 3674 autographa,
492 3619 542 3656 seu
556 3597 682 3675 prirnaevi
703 3607 733 3654 et
757 3594 905 3672 originales

18 3669 128 3750 Scriptum
142 3678 237 3737 Saorae
251 3678 382 3738 codices?

39 3755 67 3818 ll·
78 3759 108 3827 R,
117 3759 266 3836 Negative·
278 3779 369 3820 uerene
380 3759 434 3820 hoo
445 3773 487 3820 est
496 3759 691 3820 necessarium.
701 3777 765 3822 eum
776 3753 902 3814 eiusdem

15 3834 148 3899 authoritatis
164 3854 193 3900 et
212 3842 342 3914 utilitatis
356 3844 412 3901 sint
426 3843 584 3921 apograpna
598 3860 649 3900 seu
671 3847 844 3912 transumpta
866 3837 902 3894 ab
