2240 4060
18 303 20 310 ’
120 285 188 366 450,
374 341 378 347 ,
496 265 694 346 ruritius.
766 317 775 337 .

142 462 145 472 ,
170 401 213 468 11.
236 401 285 462 Ad
303 401 547 485 jostifieotionem
562 402 667 464 edulti
685 421 740 480 per
753 401 1092 482 Baptirmomrequirit

129 479 220 540 Cone.
231 477 316 540 Trid.
334 481 412 541 Sese.
426 486 454 542 6.
468 503 532 561 cop.
545 486 573 540 6.
586 482 813 560 dispositionem
825 503 880 561 por
890 493 1011 561 septem
1022 501 1092 559 gra·

130 555 194 630 dur,
203 559 207 566 ’
216 559 278 618 sive
293 574 391 619 motus
405 561 519 622 animm.

94 643 101 652 '
170 635 230 698 111.
253 639 372 696 Primus
395 652 493 720 motus
517 649 564 700 est
587 639 695 716 diriore
717 641 834 716 gratim,
861 641 921 719 qud
947 648 1094 718 peccatur

130 713 279 776 excitatur
304 729 335 775 et
361 717 535 794 adjuretur,
556 717 646 794 juxto
672 719 786 783 dorem.
812 739 877 796 oop.
904 722 954 776 31.
983 737 1016 776 v.
1047 719 1092 774 19.

128 803 147 832 “
162 795 325 872 Postquam
341 798 514 856 convertisti
529 816 593 874 me,
608 817 625 855 e
648 799 656 853 i
671 797 904 874 pmuitentiom.”

143 869 226 941 sslv.
249 873 402 934 Secundus
426 886 472 934 eet
496 886 579 934 notus
603 817 682 944 filei,
703 877 804 953 “quio
830 875 1027 937 accedentem
1056 875 1093 932 ad

132 959 151 990 “
167 951 265 1012 Deum
281 964 401 1029 oportet
414 951 564 1030 eredere.”
606 952 657 1011 Ad
673 954 768 1012 Hebr.
782 975 845 1032 unp.
862 958 908 1012 ll.

171 1029 210 1090 V.
233 1031 354 1088 Tertius
373 1045 419 1090 est
437 1044 535 1090 motus
554 1032 680 1100 timoris,
703 1033 784 1090 utilis
803 1036 893 1102 uerte,
914 1042 1094 1090 nontamen

130 1111 323 1178 necessarius,
345 1130 404 1188 quo
428 1121 567 1188 peccator
588 1129 642 1187 per
663 1110 753 1168 fidem
773 1111 944 1188 intelligens
957 1131 993 1168 se
1008 1129 1093 1168 reum

132 1185 331 1246 damnationi&
343 1202 470 1258 mierum,
485 1199 605 1267 peoooto
619 1207 673 1266 §uo
686 1189 835 1266 deponere
847 1201 987 1262 portatur,
1003 1188 1096 1265 juxta

132 1263 207 1324 illud
234 1263 326 1324 Eucli.
354 1287 417 1345 cup.
448 1269 529 1346 l.·v.
556 1269 603 1324 27.
652 1267 789 1328 “Timor
815 1267 942 1338 Domini
964 1265 1098 1345 expellit

132 1353 152 1382 ‘¹
164 1345 346 1422 peceatum.”
582 1414 586 1422 ,
989 1365 1004 1416 j

144 1421 159 1502 Ἰ
172 1423 229 1482 Vl.
252 1424 403 1498 Quartus:
424 1425 494 1502 quie
507 1425 597 1484 etium
612 1425 767 1502 perfidem
788 1435 926 1502 pertentor
944 1443 1094 1482 summurn

132 1500 192 1562 Dei
208 1501 441 1562 misericordiam
454 1503 633 1572 consideret,
653 1515 684 1564 et
707 1504 823 1578 infinito
838 1505 950 1565 Christi
972 1502 1092 1569 merita,

131 1579 202 1637 hinc
216 1580 244 1636 in
261 1599 342 1658 spem
358 1581 494 1657 erigitur,
509 1581 659 1640 confidens
675 1583 774 1640 Deum
785 1581 839 1640 eibi
853 1582 1018 1660 propitium
1028 1583 1094 1642 fore

129 1657 302 1735 juxtnillud
312 1661 422 1718 Matth.
437 1680 500 1738 onp.
511 1661 539 1718 9.
548 1680 576 1719 v.
585 1663 615 1718 2.
653 1670 672 1698 “
683 1661 815 1731 Confido,
829 1661 881 1732 fili,
896 1661 1095 1720 remittuntur

133 1745 153 1774 ‘⁸
167 1737 220 1794 tibi
237 1751 357 1815 peccato
367 1737 443 1796 tuu.”

174 1815 249 1874 Vll.
272 1817 418 1890 Quintus:
434 1829 501 1896 poet
510 1837 593 1896 spem
604 1817 739 1896 sequitur
749 1818 887 1878 iuehonto
898 1819 957 1878 Dei
969 1815 1094 1875 dilectio

134 1904 275 1971 tanquam
290 1897 384 1953 omnis
393 1895 520 1974 justitia
533 1898 643 1956 fontis:
665 1895 714 1954 ubi
729 1899 807 1956 enim
821 1909 960 1975 peoretor
974 1905 1094 1956 tontum

133 1971 196 2031 Dei
211 1973 371 2032 bonitatem
387 1975 564 2046 consideret,
585 1986 619 2034 ut
633 1973 721 2048 etiem
739 1975 870 2052 indignis
884 1976 956 2034 velit
972 1983 1097 2051 peceato

133 2053 299 2122 remittere,
322 2054 424 2130 incipit
440 2050 537 2112 Deum
552 2073 613 2132 prro
628 2052 716 2112 rebus
727 2053 862 2114 omnibus
876 2054 1027 2130 diligere:
1050 2052 1098 2110 hir

135 2141 220 2188 octus
235 2131 394 2189 denotatur
408 2132 504 2194 Joetis
523 2153 586 2209 cop.
607 2136 635 2190 2.
651 2152 680 2189 v.
696 2135 742 2190 12.
782 2141 800 2170 “
813 2131 1035 2192 Convertimini
1060 2131 1096 2189 ed

134 2217 217 2268 “me
232 2209 260 2266 in
276 2221 341 2268 toto
356 2212 444 2270 eorde
459 2209 586 2270 vestro.”
638 2280 640 2286 ¹
808 2277 811 2284 ,

146 2361 150 2370 ¹
177 2287 270 2347 Vlll.
292 2289 401 2350 Sextus
415 2301 498 2350 aetus
512 2299 559 2348 est
573 2287 673 2348 odium
688 2299 719 2350 et
730 2289 890 2364 detestatio
899 2289 1014 2367 peeoeti
1031 2290 1097 2348 sive

136 2375 220 2425 ortus
230 2369 430 2438 coutritirrnis3
451 2369 501 2445 qui
513 2368 593 2426 enim
605 2369 704 2430 Deum
713 2379 852 2445 tauquam
863 2369 959 2442 omnio
965 2367 1094 2445 justitie

135 2445 250 2522 fontem
260 2445 368 2524 diligit,
379 2468 435 2504 uon
445 2457 546 2526 potest
554 2467 613 2524 non
624 2447 764 2506 detestari
775 2459 941 2522 peecatum:
952 2446 1095 2504 hioaotus

136 2525 316 2602 exprimitur
332 2527 435 2583 Actor.
458 2546 521 2602 oep.
535 2527 563 2582 2.
578 2545 606 2584 v.
621 2527 668 2583 38.
697 2534 727 2598 “⁶
740 2525 950 2598 Poeuitentiom
966 2524 1077 2601 agite.’'

75 2613 78 2620 ‘
178 2603 237 2660 lx.
251 2604 401 2681 Septimus
415 2615 461 2662 eet
476 2604 659 2682 propositum
669 2601 847 2679 suscipiendi
859 2596 1092 2673 Sueromentum,

136 2680 295 2738 inchoandi
306 2703 411 2739 noram
423 2683 523 2752 vitem,
538 2693 569 2740 et
577 2683 713 2740 servandi
723 2681 824 2740 divina
833 2681 982 2750 mandata,
992 2701 1093 2739 seeun-

138 2758 209 2820 tldm
226 2759 298 2818 illud
314 2761 421 2819 Ezeoh.
435 2783 460 2818 o.
478 2764 523 2819 18.
536 2780 565 2818 v.
576 2763 624 2819 31.
666 2770 683 2798 “
696 2759 800 2836 Fuoite
818 2758 903 2820 vobis
916 2779 970 2818 oor
984 2779 1092 2818 novum

137 2846 156 2876 ‘⁴
171 2837 202 2895 et'
220 2838 362 2914 Spiritum
378 2840 514 2898 novum.”

179 2915 220 2974 X.
242 2917 272 2974 N
275 2913 332 2984 otri,
351 2919 395 2975 1‘0.
417 2929 450 2975 ut
464 2919 642 2996 dictumest,
657 2917 739 2996 quod
750 2927 849 2976 motus
858 2917 975 2976 timoris
987 2937 1047 2976 non
1057 2917 1092 2976 sit

137 2996 329 3064 necessarius,
345 2996 396 3054 sed
416 3017 471 3054 sex
484 2997 590 3074 reliqui
605 3015 781 3054 oonuurrere
795 2995 905 3056 debent
919 2995 1091 3066 formaliter,

139 3073 186 3153 vel
211 3076 315 3134 struem
339 3076 517 3134 virtualiter.
559 3075 637 3136 Vide
660 3073 751 3146 Num.
773 3077 822 3133 27.
845 3076 875 3132 in
901 3075 1004 3134 Traet.
1032 3077 1091 3134 “de

139 3160 158 3189 ‘¹
176 3151 367 3236 Suorumeuto
378 3153 593 3224 Poeniteutioe,”
606 3149 656 3212 ubi
667 3151 698 3210 hi
710 3153 822 3230 grados
832 3153 921 3232 poulo
930 3155 1020 3214 aliter
1031 3175 1092 3212 uor-

137 3245 251 3290 remur.
551 3261 555 3268 ·
918 3257 921 3264 ·

151 3309 238 3388 [Xl.
261 3309 352 3396 Nptu,
381 3315 428 3394 20.
455 3311 538 3394 qudd
554 3299 777 3391 dispositione&
799 3286 921 3449 preivim
948 3332 1008 3372 non
1038 3313 1091 3370 rint

139 3390 301 3447 ruer-ituriae
318 3391 354 3448 de
369 3391 517 3467 condigno
526 3390 759 3468 justificationis,
780 3411 798 3448 u
819 3411 855 3466 ep
870 3403 903 3448 ut
918 3391 1090 3468 justificatio

141 3481 244 3522 nomm
255 3487 372 3545 semper
383 3471 420 3525 sit
432 3471 572 3544 gratuita,
587 3480 677 3547 prout
687 3471 775 3528 docet
784 3470 873 3528 Cone.
885 3470 971 3528 Trid.
982 3471 1059 3529 Sere.
1067 3473 1090 3528 6.

142 3561 205 3619 erp.
220 3549 247 3599 8.
265 3547 354 3620 juxt-r
377 3548 448 3604 illud
463 3549 500 3606 od
526 3549 624 3608 Rom.¹
636 3557 704 3624 cop.
714 3551 741 3606 3.
766 3567 794 3610 v,-
816 3549 864 3608 24.
904 3549 1090 3610 “Justifionti

81 3651 86 3666 ·
139 3627 158 3681 ‘5
173 3624 267 3696 gratis
282 3627 470 3699 pergratiam
486 3627 608 3702 ipsius?
628 3637 728 3703 potest
738 3638 836 3686 tumeo
846 3627 1092 3704 peoootordiviri

33 3725 55 3754 ι
142 3701 239 3784 grant
248 3701 366 3774 adjutus
376 3723 428 3777 per
438 3715 520 3764 ectus
531 3704 611 3776 fidei,
624 3705 698 3782 rpei,
712 3705 890 3778 dilectionis,
900 3708 955 3765 &m
969 3706 1051 3766 illam
1061 3705 1092 3766 de

142 3789 273 3850 quugruo
288 3783 403 3846 mereri.
481 3825 483 3836 ,
