2188 4052
332 103 373 144 nn
394 100 603 144 vmrnrreus.
875 85 933 141 109

52 248 113 306 Xll.
134 246 170 304 R.
184 246 314 304 Traditio
328 249 404 306 mere
420 247 587 324 Apostolica
601 243 645 302 rel
660 243 860 305 Ecclesiastico
880 267 937 306 nou

18 345 53 388 est
72 329 162 404 regula
186 329 270 385 fidei:
292 331 357 404 quia
384 343 484 387 neutra
507 341 550 385 est
573 327 706 383 divinitus
730 328 862 398 revelata,
887 331 939 387 sed

19 411 129 468 Traditio
142 409 239 467 divina
254 428 317 467 rere
332 425 374 469 est
387 413 485 488 regula
498 411 573 478 fidei,
588 409 652 465 sirm
677 409 714 464 sit
729 409 855 466 Verbum
869 406 936 480 Dei,

17 513 61 550 non
75 492 161 548 mimis
176 491 261 566 quem
278 492 425 568 Scriptura
438 494 541 552 Sacra:
566 489 638 548 banc
662 491 850 562 traditionem,
872 493 936 550 crim

17 573 174 650 potissimum
188 571 314 630 baeretici
328 575 501 652 impugnent,
519 573 660 650 praecipue
675 572 856 631 stabiliemus.

18 737 101 796 1167.
120 735 180 794 DE
196 734 818 880 EXISTEgpzllOffllgaECESSITATE
834 735 934 794 TRA-

18 982 36 1040 l.
53 979 214 1040 Eristcntia
245 981 428 1040 Traditiortr'r
452 983 567 1041 diuinae.
619 981 659 1038 ll.
681 979 840 1038 Probatur.
880 981 936 1040 Ill.

48 1063 169 1156 Eripere
182 1063 380 1122 hereticorum
392 1065 537 1122 doctrino.
576 1063 628 1120 lV.
649 1061 693 1120 Et
716 1082 750 1119 err
773 1063 938 1123 traditionis

48 1153 213 1202 ametiste.

47 1305 101 1363 AN
110 1320 217 1382 praeter
228 1308 398 1384 Scripturam
412 1307 525 1366 Sacram
536 1307 730 1366 admitttendre
741 1317 807 1366 sunt
817 1305 939 1364 Traditi·

20 1405 70 1444 rues
82 1388 224 1446 Divinus?
279 1431 285 1440 -

48 1469 68 1526 l.
82 1469 117 1528 R.
132 1470 249 1546 Negant
264 1470 401 1527 Haeretiri
415 1470 503 1526 nostri
524 1469 578 1528 hoc
591 1470 733 1547 praecipue
747 1471 938 1540 fundamento,

19 1552 77 1626 qubd
91 1551 224 1608 veritates
239 1571 335 1608 omnes
347 1551 412 1608 fidei
427 1551 455 1608 in
472 1551 616 1628 Scriptura
628 1554 712 1610 Sacra
723 1552 939 1610 contineantur:

19 1645 97 1690 contra
120 1631 199 1690 hunc
223 1653 344 1690 errorem
361 1633 443 1690 Fides
467 1633 613 1692 Catholica
636 1635 729 1702 ducet,
751 1633 938 1690 admittendas

13 1733 64 1780 ¹csse
72 1713 158 1772 etiam
168 1715 197 1772 in
209 1715 291 1772 Nova
301 1713 380 1790 Lege
393 1713 569 1788 Traditiones
579 1715 707 1785 Divinas,
719 1727 803 1793 prout
812 1715 939 1773 definivit

19 1795 88 1853 Cone.
104 1791 185 1852 Trid.
202 1796 277 1854 Sese.
298 1797 327 1851 d.

13 1917 15 1960 γ
48 1877 81 1933 ll.
102 1877 243 1934 Probatur
257 1877 419 1934 earumdem
443 1877 634 1936 existentiaet
657 1878 809 1936 necessitas
827 1877 869 1934 1⁰.
891 1877 938 1934 Ex

13 1957 93 2040 lipist.
118 1961 149 2016 2.
172 1959 208 2016 ad
223 1957 322 2016 Thess.
348 1977 407 2034 cap.
432 1961 459 2016 2.
474 1959 511 2016 V.
539 1961 584 2016 ld.
608 1960 658 2016 ubi
680 1959 748 2017 dicit
763 1959 939 2034 Apostolus:

19 2040 145 2098 “Tenete
168 2041 342 2108 traditiones,
367 2061 436 2115 quas
461 2041 598 2104 didicistis
619 2041 677 2098 sive
698 2061 748 2116 per
772 2059 938 2110 sermonem,

20 2127 32 2154 ‘¹
42 2122 93 2178 sire
107 2141 162 2197 per
178 2121 365 2198 Epistulam,'’
387 2122 415 2177 id
431 2135 482 2190 est,
497 2122 555 2179 sire
571 2124 655 2180 verbo
670 2123 728 2180 sive
743 2121 857 2197 scripto.
966 2191 968 2198 Ι

48 2203 109 2260 Huc
124 2203 211 2262 etiarn
226 2217 344 2279 spectat,
359 2204 435 2278 quod
449 2203 545 2260 scribit
560 2211 662 2280 Apost.
676 2205 705 2260 in
720 2205 748 2259 2.
762 2203 797 2260 ed
812 2201 937 2260 Timoth.

21 2303 64 2360 rap.
89 2287 115 2341 1.
140 2285 177 2340 V.
207 2286 253 2340 13.
274 2284 430 2341 “Formam
455 2283 527 2342 habe
551 2305 680 2342 sanorum
702 2287 858 2351 verborum,
874 2304 938 2359 quae

21 2373 32 2398 “
42 2365 55 2421 ir
65 2386 109 2422 me
123 2365 255 2424 audisti.”
297 2365 336 2422 Et
350 2385 411 2442 cap.
433 2367 460 2424 3.
475 2365 511 2422 V.
529 2368 574 2424 14.
599 2373 759 2443 “permane
773 2366 800 2422 iu
817 2365 859 2434 iis,
875 2385 938 2440 quar

21 2451 32 2480 ¹⁴
42 2447 169 2515 didicisti,
194 2460 224 2504 et
246 2447 353 2504 credita
374 2459 439 2504 sunt
464 2447 523 2517 tibi,
548 2448 639 2505 sciens
662 2447 680 2504 t
702 2467 758 2523 quo
780 2447 937 2506 didiceris.”

20 2529 74 2584 ltem
89 2529 125 2585 ad
142 2529 320 2586 traditionem
335 2529 453 2586 remittit
468 2529 547 2586 Deus
562 2530 682 2588 Denter.
708 2549 768 2605 cap.
785 2531 841 2586 32.
859 2529 895 2586 V.
910 2531 937 2586 7.

21 2609 177 2685 “interroga
189 2609 301 2668 Patrem
312 2621 401 2676 tuum,
417 2623 447 2668 et
457 2611 633 2669 annuntiabit
647 2611 716 2677 tibi;
731 2609 849 2686 majores
864 2624 937 2681 tuos,

20 2699 61 2747 “et
73 2691 167 2748 dicent
182 2691 260 2747 tibi.”
280 2691 394 2748 Deinde
407 2711 464 2748 non
478 2693 580 2760 omnia,
595 2713 657 2768 quae
678 2691 806 2752 Christus
831 2694 937 2760 docuit,

13 2773 106 2848 iscripta
119 2793 190 2838 esse,
207 2772 276 2830 dicit
293 2771 322 2829 S.
337 2772 420 2832 Joan.
435 2793 496 2849 cap.
511 2775 559 2830 21.
573 2774 693 2850 plmima
705 2774 799 2842 etiam,
811 2795 873 2849 quae
888 2793 938 2850 per

18 2854 117 2912 redies
131 2866 198 2930 post
209 2853 454 2912 Resurrectionem
469 2857 623 2930 Apostolos
638 2855 743 2923 docuit,
764 2877 815 2932 per
829 2856 937 2912 traditi·

20 2955 85 2991 onem
99 2937 135 2992 ad
150 2956 202 2992 nos
222 2949 419 3012 pervenerunt.
444 2937 586 3016 ,Accedit
600 2937 738 2996 unanimis
754 2937 807 2996 SS.
822 2938 938 2998 Parrum
1010 2927 1017 2934 ¹

19 3035 109 3074 tensus.
137 3027 140 3036 ‘

13 3143 14 3146 η
50 3099 99 3155 111.
122 3099 260 3160 Probatur
276 3099 323 3154 2⁰.
339 3096 465 3156 heretici
478 3099 566 3156 nostri
579 3098 668 3156 multa
682 3119 711 3158 se
730 3100 844 3158 credere
864 3119 939 3157 asse·

20 3190 78 3247 runt,
93 3199 156 3255 qnae
170 3180 270 3237 nullibi
284 3179 311 3236 in
322 3179 465 3256 Scriptura
478 3181 663 3256 reperiuntur,
673 3202 698 3238 v.
709 3201 737 3258 g.
751 3181 939 3256 virginitatem

21 3261 88 3318 llivae
102 3261 226 3336 Virginis
241 3261 326 3318 etiarn
340 3273 404 3336 post
417 3273 537 3336 partum,
559 3275 678 3336 quatuor
700 3283 760 3320 esse
776 3263 938 3339 Evangelia,

22 3342 96 3400 valere
111 3343 288 3419 Baptismum
302 3343 424 3418 parvulis
439 3341 582 3411 collatum,
596 3344 652 3400 irc.

51 3423 97 3481 IV.
121 3424 258 3482 Probatur
282 3425 330 3482 3⁰.
359 3443 394 3480 ex
418 3424 599 3496 traditionum
627 3425 813 3494 necessum
834 3427 939 3488 etenim

24 3504 67 3562 rino
91 3505 239 3564 traditione
263 3504 357 3564 divina
377 3505 509 3580 cognosci
532 3525 588 3564 non
610 3519 713 3582 petest,
738 3508 849 3582 quinam
876 3508 940 3566 libri

26 3585 64 3642 int
75 3587 215 3662 Scriptura
228 3585 323 3655 Sacra,
337 3606 388 3643 cur
400 3588 493 3662 potius
507 3587 544 3643 sit
552 3587 743 3663 recipiendum
754 3589 940 3664 Evangelium

24 3667 136 3728 Matthaei
149 3666 235 3743 quam
251 3665 461 3734 Bartholumaei‚
477 3669 604 3742 quisnam
618 3669 654 3726 sit
668 3689 766 3726 sensus
779 3668 939 3744 Scripturas,

23 3749 72 3805 cim
81 3769 136 3808 nou
149 3749 187 3806 sit
200 3747 279 3807 aliud
293 3749 449 3806 remedium
471 3769 506 3806 ea
519 3749 695 3808 discernendi
709 3750 808 3808 saltem
829 3749 939 3809 ordina·

24 3829 102 3898 rirm3
123 3831 191 3889 licet
212 3829 431 3888 extraordinarie
455 3851 481 3888 v.
496 3850 523 3906 g.
537 3850 588 3906 per
609 3831 774 3898 mirac-ulum
788 3830 869 3890 Deus
890 3829 939 3888 illa

61 3910 149 3972 Truct.
163 3911 199 3970 de
221 3909 390 3972 Virtutibus.
554 3929 573 3970 Ι.
