2224 4050
150 206 172 263 8
452 224 454 228 ’
519 223 709 266 ιιιιιιιιιι
735 251 737 260 ,

149 385 202 426 suo
216 364 371 444 principali,
395 367 438 426 illi
452 369 605 428 substando
618 381 749 446 tanquam
764 387 855 428 causta
869 369 954 442 finali,
975 372 1072 432 mada-

150 447 275 518 mentsli,
299 449 473 521 &radicali
498 470 535 509 ax
556 471 612 528 qua
634 463 765 526 tanquam
780 451 896 510 effectus
916 453 1070 512 dimanant.

139 529 268 588 .virtutss
281 543 375 590 autem
389 531 457 590 fidei
470 533 496 590 8ι
510 533 570 610 spei
581 544 647 592 sunt
661 533 776 590 virtutes
790 535 1010 620 supernaturales
1022 555 1073 612 per

128 632 180 686 ,Se
197 622 311 670 nimiost·

190 694 240 752 Au
254 692 370 752 virtutos
383 679 498 752 manent
510 706 575 772 post
587 692 660 754 hanc
672 693 783 754 vitam?

163 774 259 834 ..VII
274 771 311 832 R.
334 775 369 834 In
382 777 519 835 damnatis
543 775 621 834 nuIIa
643 775 784 834 manebitr
809 775 838 834 in
851 771 940 834 beatis
962 791 1075 838 manent

148 851 275 924 virtutes,
286 857 481 932 quaenullam
473 869 624 935 important
633 857 871 934 imperfectionem
882 858 966 916 statui
976 879 1074 918 eorum

147 949 368 1015 repugnantem.
392 939 467 1000 unde
481 953 575 996 manet
588 937 716 1008 charitas,
736 951 849 996 manent
862 937 971 998 habitus
985 941 1075 999 ‹Iono-

147 1038 211 1078 rum
223 1016 343 1098 Spiritus
356 1021 385 1079 S.
396 1040 430 1080 ac
443 1020 577 1078 virtutum
588 1021 745 1090 moralium,
760 1019 844 1078 etiam
835 1021 946 1096 quoad
956 1020 1075 1116 aliquos,

146 1119 204 1159 noa
218 1113 312 1160 tamen
328 1102 420 1180 quoad
434 1121 530 1160 omnes
544 1115 642 1160 actus.
663 1102 704 1160 sio
717 1100 896 1159 evacuabitur
910 1101 986 1172 fides,
1006 1104 1076 1180 quia

147 1181 265 1241 involvit
277 1180 383 1259 objecti
394 1182 613 1261 obscuritatem
626 1183 694 1242 item
708 1201 780 1260 spes,
795 1181 860 1258 quia
872 1194 956 1260 negat
969 1182 1076 1262 objecti

146 1265 333 1340 praesentiam.

61 1389 65 1398 ,
186 1345 270 1404 VIII.
293 1348 329 1405 In
342 1345 503 1440 purgatorio
526 1357 622 1404 tamen
645 1349 758 1404 manent
778 1344 848 1404 fides
862 1345 888 1403 tr
902 1336 975 1422 spes,
997 1346 1072 1405 item

145 1427 219 1486 dona
229 1427 348 1506 Spiritus
360 1427 390 1488 b
404 1446 438 1487 ao
447 1426 564 1485 virtutes
575 1426 702 1494 morales,
717 1426 809 1501 quoad
822 1425 929 1503 aliquos
940 1427 966 1486 Is
976 1427 1076 1507 plures

143 1521 225 1570 actus
239 1527 330 1604 quem
337 1509 366 1568 in
380 1508 479 1578 beatis,
492 1529 520 1565 v.
532 1528 560 1584 g.
574 1507 715 1586 patientia.

185 1593 236 1648 An
249 1591 375 1660 virtutes,
389 1601 422 1650 ut
434 1589 539 1666 augeri,
553 1589 593 1647 ita
607 1589 633 1644 u
647 1599 763 1665 possunt
777 1587 919 1646 diminui?

185 1671 238 1730 IX.
252 1671 379 1729 Virtutes
400 1671 549 1740 naturales,
564 1683 622 1728 tam
636 1670 728 1745 quoad
749 1669 934 1729 intensionem
947 1669 1076 1744 habitus,

143 1752 228 1830 quim
242 1753 335 1830 quoad
348 1753 485 1812 fervorem
499 1751 588 1820 sotis,
603 1764 720 1828 possunt
734 1751 900 1809 diminui.
1086 1819 1090 1824 Ι

185 1832 313 1893 Charitas
337 1833 426 1894 minui
448 1853 506 1891 non
529 1845 622 1910 potest
635 1832 748 1907 quoad'
741 1833 926 1890 intensionem
940 1831 1077 1893 habitior:

142 1925 228 1992 atque
252 1917 327 1974 idem
355 1899 466 1976 videtur
490 1915 526 1972 de
553 1914 662 1972 caeteris
684 1913 833 1972 virtutibus
857 1913 964 1984 infusis,
993 1917 1079 1992 quod

143 1997 252 2056 scilicet
265 2015 359 2056 earum
374 1993 517 2057 habitur
495 2015 555 2052 srne
566 1993 770 2053 diminutione
760 2015 777 2053 a
787 1997 852 2054 Deo
862 2008 1078 2068 conservantur,

143 2077 197 2134 nisi
211 2077 425 2156 contingetem
439 2077 564 2138 totaliter
577 2076 677 2134 amitti.

128 2212 131 2217 .
157 2157 311 2218 Virtutes
325 2159 423 2220 infuse
436 2171 531 2220 tamen
544 2155 662 2216 diminui
675 2168 792 2234 possunt
802 2139 893 2232 quoad
904 2157 1080 2216 exercitium

140 2251 172 2298 et
184 2240 320 2299 fervorem
334 2239 430 2300 actius·
422 2253 527 2318 ,atque
540 2239 611 2298 adeo
622 2238 716 2298 induci
730 2239 858 2315 quaedam
873 2237 1080 2317 dispositiones

141 2322 178 2380 ad
192 2322 415 2402 oonuptionem.
472 2389 474 2395 Α

142 2481 180 2540 ιι.
195 2485 222 2540 ι.
296 2483 354 2542 ιιι
383 2441 657 2547 ιοιιιιιιιιιοιι
686 2480 911 2542 urrunnu
938 2479 1081 2542 ιιιιιιι

578 2644 635 2704 ιι.

300 2873 305 2880 ,
395 2805 430 2868 S.
449 2805 548 2870 stom.
565 2807 590 2864 l.
605 2809 633 2864 2.
648 2816 747 2884 quaest.
761 2807 810 2864 65.
875 2830 879 2854 ι

140 2972 166 3048 15·
181 2969 310 3034 Moratur
332 2968 438 3050 infusa
451 2978 520 3031 ιιιιι
538 2985 668 3028 cooneooe
685 2969 718 3026 ιἰι
737 2966 885 3028 ctoritate.
925 2969 965 3026 II.
992 2969 1087 3030 Oma-

181 3054 264 3111 nem'o
274 3052 347 3112 inter
358 3051 524 3128 acquisitor.
565 3049 621 3107 III.
634 3051 778 3120 Centenio
786 3052 860 3108 iuter
873 3049 1086 3127 moysem.

153 3199 155 3210 Ι
181 3134 233 3194 IV.
252 3133 543 3208 Virtutesoopuisitae.
563 3130 599 3188 V.
610 3129 975 3192 Nooeuotconneoaecum
987 3133 1087 3211 iosu-

85 3261 88 3268 .
165 3218 229 3275 'sia
269 3214 321 3272 VI.
335 3209 397 3271 Neo
410 3211 500 3272 Fides
512 3232 577 3270 cum
594 3211 662 3288 Spe.
703 3211 771 3269 VII.
791 3211 853 3270 Nec
865 3221 990 3290 tetraque
1004 3213 1103 3274 cum'

180 3295 327 3376 duricors.
367 3293 452 3356 VIII.
475 3291 592 3373 Duplee
609 3293 679 3352 ordo
693 3294 768 3350 incer
780 3294 898 3352 virtuter
917 3293 1089 3372 Tteohoyi-

181 3397 238 3436 our.

149 3609 151 3614 Ι
183 3540 243 3600 AN
255 3532 348 3618 potest
361 3557 417 3598 una
429 3536 517 3596 virtus
525 3535 630 3613 acquiri
640 3535 701 3594 sine
710 3535 772 3607 alia,
787 3535 832 3596 vel
846 3557 881 3594 an
892 3557 993 3597 omnes
1004 3555 1094 3601 sunt

141 3627 213 3684 inter
226 3642 257 3682 se
271 3619 428 3680 connexae?
1102 3629 1103 3632 ’

182 3705 206 3765 Ι.
220 3703 257 3762 R.
271 3700 408 3766 Quaedarn
421 3697 539 3756 virtutes
560 3697 601 3778 ita
613 3710 678 3756 sunt
702 3717 836 3758 connexae
857 3713 987 3778 exparte
1006 3697 1103 3762 sub:

145 3787 216 3856 'soti
240 3795 273 3846 ιιι
296 3781 425 3840 unasins
448 3779 503 3840 alia
524 3798 654 3838 essenon
675 3781 780 3858 possit:
804 3783 931 3860 quaedam
954 3803 1024 3842 non
1043 3777 1103 3846 ita

149 3881 207 3941 runt
219 3881 361 3924 connexae.
855 3861 858 3868 ’

149 4001 154 4010 ,
182 3953 318 4019 Quaenam
333 3945 448 4008 virtutes
461 3943 501 4004 iu
513 3955 579 4004 sunt
592 3943 749 4005 connoxae?
