2226 4064
157 99 216 160 teu
530 117 723 162 moranus

197 261 319 330 Quinam
334 261 493 340 obligantur
505 261 568 340 lega
582 265 703 342 positivi
714 261 855 325 humani?

197 344 234 404 R.
249 345 357 403 Omnes
371 345 540 420 Legielatori
553 348 666 416 subditi,
681 366 798 424 capaces
819 345 1032 418 ostensionis,
1050 349 1083 407 ad

157 445 228 504 quos
240 426 287 485 lex
301 425 438 502 dirigitur,
461 427 485 484 si
498 427 612 486 aliunde
626 449 681 486 nou
695 430 752 486 sint
772 428 906 504 exempti.

197 508 298 584 ltaque
311 525 368 564 non
382 508 540 584 obligantur
553 511 633 587 pueri
653 523 718 568 ante
742 529 823 570 usum
849 509 972 578 rationis,
996 529 1083 586 nequo

154 587 292 668 perpetuo
305 601 430 647 amentes
443 589 510 656 ullis
524 591 634 667 legibus
644 590 781 658 humanis,
792 591 859 667 quia
868 605 934 649 sunt
941 593 1084 668 incapaces

156 671 386 748 promulgationis
407 683 437 729 at
461 672 622 732 directionis
646 673 733 750 Legis
754 673 916 732 Humauae:
936 673 1014 731 unde
1037 693 1085 732 nec

156 764 303 829 peccatum
318 753 460 810 materiale
474 755 653 812 committunt
667 756 776 831 agendo
797 767 895 812 contra
918 753 980 814 illas
1004 754 1085 830 leges.

198 833 276 892 Hinc
289 835 422 911 sequitur,
437 835 546 894 licitum
561 857 621 895 esso
636 837 663 894 in
679 838 725 894 die
734 835 836 914 jejunii
850 836 968 895 eisdam
982 855 1084 903 cemes,

156 915 251 992 plures
264 916 441 984 refectiones,
463 918 514 976 8rc.
538 917 648 975 interim
670 919 788 994 provido
808 917 858 976 illa
880 917 921 990 pis
942 930 1085 994 negantur,

156 1011 217 1055 tum
231 1010 345 1074 propter
358 999 519 1056 scandalum
534 1000 661 1067 aliorum,
670 1013 731 1056 tum
747 998 804 1057 uti
814 999 918 1058 teneris
928 1013 1087 1058 assuescam

156 1079 343 1138 observnioni
356 1094 559 1158 praeceptorum
575 1081 723 1140 Ecclesiae.

198 1159 264 1238 Obj.
279 1161 337 1226 Qui
350 1161 459 1219 inducit
483 1179 621 1220 amentem
642 1163 670 1219 in
691 1162 864 1232 ebrietatem,
889 1174 991 1239 peccat
1010 1159 1087 1237 juxta

155 1241 232 1301 diota
247 1242 370 1300 Numero
382 1245 572 1338 praepedenti.
587 1264 653 1322 ergo
667 1245 752 1302 etiam
763 1244 811 1322 qui
820 1246 868 1302 dat
878 1243 982 1302 amenti
995 1263 1087 1302 carnes

155 1325 279 1382 edendas
293 1323 361 1382 die'
349 1323 458 1402 Jejunii.

197 1406 235 1464 R.
250 1405 324 1482 Nag.
338 1426 455 1502 conseq.
460 1404 610 1502 disparitas
633 1417 685 1475 est,
711 1407 787 1482 qubd
809 1421 905 1464 amens
929 1425 986 1464 ιιοιι
1003 1407 1100 1464 subsit:

156 1480 213 1564 lbgr·
228 1487 379 1583 positivaeJ
383 1487 477 1564 ejunii,
486 1489 560 1546 sicut
574 1489 669 1546 subest
680 1489 738 1565 legi
750 1487 869 1546 naturali
879 1488 1087 1564 temperantia:

157 1567 221 1626 cdm
250 1568 336 1646 igitur
363 1589 458 1626 amens
486 1569 595 1627 edendo
623 1589 719 1631 carues
746 1571 895 1664 nequidem
932 1570 1088 1628 committat

157 1651 300 1709 materiale
314 1663 471 1728 peccatum,
487 1649 622 1710 inducens
636 1671 693 1708 non
708 1652 860 1710 committit
873 1651 1001 1709 formale.

198 1733 253 1791 111.
267 1732 387 1791 Dictum
401 1745 453 1800 est,
475 1737 493 1766 “
506 1731 590 1790 Pueri
603 1746 668 1791 ante
683 1754 765 1790 usum
779 1731 919 1790 rationis:¹
921 1731 1020 1808 quia,
1044 1733 1088 1788 ubi

157 1813 272 1872 rationis
285 1835 367 1872 usum
382 1813 477 1892 adepti
491 1827 565 1882 sunt,
576 1815 686 1890 legibus
694 1815 822 1892 positivis
830 1826 887 1872 tam
900 1813 994 1872 divini
1008 1813 1100 1889 quim

158 1891 279 1954 humani
299 1895 430 1990 ligantur.
472 1895 609 1960 Quaedarn
632 1903 726 1954 tambn
751 1909 817 1954 sunt
838 1894 967 1978 legesis
991 1895 1100 1972 quibusl

156 1977 263 2036 ratione
286 1978 378 2035 aetatis
401 1977 580 2042 eximuntur:
602 1989 631 2035 et
654 1975 695 2035 ita
715 1997 771 2036 ιιοιι
796 1991 927 2035 tenentur
948 1975 1100 2053 praeoepto¹

152 2056 254 2137 J'sjunir
245 2058 460 2117 Ecclesiastici
474 2059 609 2136 quantum
627 2060 664 2118 ad
685 2059 797 2118 unicam
819 2058 1004 2118 refectionem
1029 2069 1100 2116 autel

157 2153 262 2199 annum
277 2141 326 2197 21.
340 2144 391 2198 dre.
1099 2151 1100 2188 ¹

142 2251 143 2256 ι
197 2221 250 2280 lV.
278 2221 395 2280 Dictum
424 2233 468 2280 ost
494 2223 618 2281 secundi)
645 2223 816 2299 “Perpetuo
844 2219 999 2290 amentes,'’
1029 2217 1100 2296 quia

158 2315 283 2362 amentes
297 2323 348 2381 per
362 2303 507 2361 intervalla
521 2304 687 2382 suntpotibs
698 2305 877 2398 cpmparandi
887 2303 1100 2362 dormientibusl

157 2398 188 2443 et
202 2386 301 2444 ebriis.
322 2385 350 2444 hi
365 2397 459 2444 autem
483 2384 591 2462 legibue
615 2385 742 2462 positivis
766 2385 932 2462 obligantur,
958 2385 1027 2480 quia
1047 2384 1100 2441 leur

158 2467 214 2524 fuit
242 2469 282 2525 eis
309 2468 494 2546 promulgata,
522 2479 607 2542 atquo
633 2468 660 2524 oi
687 2469 800 2525 suerunt
826 2466 981 2544 subjecti
973 2485 1004 2524 ιιι
1029 2480 1100 2523 actui

158 2549 299 2606 meando.
313 2551 388 2607 unde
402 2551 431 2607 e't
445 2562 559 2606 manent
573 2567 599 2606 er
590 2547 673 2625 enbj
676 2549 731 2606 ecti
745 2547 923 2607 habitualiter
937 2561 967 2606 et
980 2549 1009 2605 in
1025 2541 1100 2606 actu

160 2630 259 2706 ptimo,
275 2631 411 2706 eburque
434 2645 465 2688 ut
488 2650 585 2691 eorum
609 2643 689 2695 actus
713 2643 809 2688 contra
832 2631 894 2688 illas
917 2631 972 2688 sint
991 2629 1100 2687 sultam¹

159 2723 276 2806 peccata
290 2711 450 2770 materialia.

202 2791 280 2852 Hinc
294 2811 466 2868 consequens
480 2806 531 2862 est,
546 2793 621 2870 qubd
642 2793 777 2851 inducens
801 2792 872 2850 tales
892 2793 928 2850 ad
951 2781 1100 2870 agendund

159 2888 259 2933 eontra
273 2875 350 2950 leges
363 2876 496 2951 positivae
509 2889 609 2952 peccet
623 2872 783 2933 formaliter.

202 2957 283 3014 Idem
309 2957 419 3014 videtur
445 2957 585 3031 aliquibus
612 2957 761 3014 dicendum
790 2957 826 3014 de
853 2955 1022 3022 amentibus,
1046 2953 1093 3028 qui

161 3039 256 3096 lurida
268 3038 415 3096 mtervallo
428 3057 483 3096 non
508 3037 619 3108 habant,
644 3039 693 3096 sed
717 3052 810 3096 tamen
833 3037 984 3113 aliquando
1008 3013 1100 3098 osani

160 3121 277 3179 rationis
290 3119 421 3188 habuere,
436 3120 521 3196 idque
535 3121 571 3177 ob
583 3122 701 3178 eandem
722 3121 867 3178 rationem.
1099 3101 1100 3162 1

135 3266 138 3274 J
203 3200 360 3296 Exempti
350 3221 367 3258 a
380 3201 452 3278 lego,
470 3221 494 3258 v.
509 3221 535 3278 g.
549 3202 646 3278 aegroti
661 3202 784 3278 exempti
799 3221 816 3259 a
802 3199 915 3278 lege
902 3199 1014 3278 Jejunii,
1036 3179 1100 3255 noni

160 3283 342 3342 committunt
361 3297 507 3359 peccatum
530 3284 677 3359 nequidem
702 3283 845 3340 materiale
870 3298 968 3340 tonna
990 3281 1100 3356 legam,

162 3364 288 3440 quamvis
302 3383 364 3420 eam
386 3385 442 3421 ιιοιι
463 3365 619 3434 observent,
644 3365 694 3422 sed
713 3365 845 3422 dicuntur
865 3364 994 3442 negative
1008 3379 1098 3439 agere

161 3457 260 3503 contro
273 3445 374 3520 legem.

204 3526 277 3584 Utor
290 3538 388 3602 peccat
403 3523 522 3601 gravide,
537 3546 571 3588 an
586 3546 634 3601 qur
625 3525 756 3586 inducit
770 3527 878 3593 ebrium
900 3545 953 3584 usu
976 3499 1100 3582 rationid

162 3607 329 3664 destitutum
344 3606 380 3664 ad
402 3608 559 3670 violandum
571 3606 718 3684 jejunium,
743 3627 778 3666 an
802 3610 850 3686 qui
874 3609 910 3667 ad
934 3607 963 3666 id
984 3606 1100 3664 inducit

163 3688 279 3745 rationis
293 3690 485 3764 compotem?

207 3769 243 3825 R.
258 3767 417 3826 Posterior.
409 3789 496 3828 narn
509 3789 573 3830 reus
587 3770 620 3828 fit
633 3771 751 3828 duorum
767 3785 955 3850 pcccatorum.
969 3767 1100 3829 scandali

164 3849 274 3909 scilicet
288 3861 317 3908 et
331 3849 536 3910 violationis*
496 3851 613 3936 JeJunii·
627 3853 703 3934 prior
717 3855 791 3928 verb,
802 3873 855 3940 qut
841 3853 972 3920 'inducit
985 3837 1100 3954 ebriutq
