2188 4052
321 81 363 126 nu
385 79 526 122 vurrurrr
547 79 623 120 suar.
880 65 937 124 179

17 239 99 286 umen
113 225 233 282 retineat
246 225 429 284 universalem
445 225 660 284 aestimationem
673 245 766 284 veram
784 227 938 288 secundiam

17 309 98 376 fidam,
113 307 221 364 scilicet
235 301 447 366 fornicationem
462 327 523 365 esse
537 320 684 382 peccatum
698 309 828 367 mortale.
862 329 866 344 *

50 388 133 447 Error
146 400 242 446 autem
256 388 306 445 ille
319 388 466 466 provenire
479 400 574 465 potest
597 409 633 446 ex
657 409 700 458 eo,
719 390 794 464 qubd
818 389 881 470 quis
903 411 939 450 ex

15 470 142 544 aliquibus
157 468 325 545 conjecturis
339 481 431 547 putet,
442 491 473 528 se
486 491 542 528 non
557 490 618 528 esse
628 445 869 547 praedestinalum,
880 473 939 532 sire

14 552 59 610 sibi
79 570 135 608 non
164 571 226 609 esse
253 552 373 610 dandam
398 551 524 628 gratiam,
548 546 603 628 qui
628 553 770 628 peniteat,
795 553 840 612 vel
862 555 940 630 quaid

15 633 105 700 rideat,
119 652 151 690 se
166 632 207 690 ita
222 632 381 691 intricatum
395 633 529 708 peccatis,
549 647 581 690 ut
594 644 707 710 reputet
720 635 799 709 quasi
813 635 940 713 impossi-

15 714 68 782 bile,
83 733 146 772 sese
161 714 310 784 extricare,
325 727 354 772 et
367 714 432 772 ideo
446 715 570 772 animum
585 715 766 792 despondeat.

46 796 190 858 Quantum
204 808 354 872 peccatum
369 807 411 854 est
426 797 607 872 desperatio?

46 876 94 934 lV.
117 876 157 934 R.
179 877 255 936 Cum
282 877 313 936 S.
327 875 428 934 Thom.
455 889 507 935 art.
532 881 561 936 3.
582 888 625 934 est
648 887 795 954 peccatum
820 879 939 955 gravius,

14 957 83 1034 quiam
97 959 179 1032 quod
193 959 345 1035 opponitur
358 958 508 1016 virtutibus
528 959 698 1017 moralibus:
720 959 786 1034 quia
808 979 873 1037 spes
897 975 940 1020 est

15 1039 88 1094 rinus
103 1039 237 1114 dignior;
258 1043 409 1098 esttamen
423 1052 569 1116 peccatum
590 1061 626 1098 ex
649 1041 743 1117 specie
763 1061 814 1098 sua
837 1041 939 1110 minus,

10 1119 83 1198 quiam
107 1121 208 1178 odium
230 1121 297 1192 Dei,
320 1121 366 1179 vel
391 1121 558 1190 infidelitaa3
579 1121 645 1198 quia
668 1121 730 1180 baec
754 1135 819 1179 suut
844 1137 941 1182 contra

10 1201 95 1282 ,Deum
124 1203 285 1261 secundum
308 1203 384 1278 quod
407 1213 450 1261 est
472 1203 501 1260 in
524 1223 576 1261 sea
603 1203 760 1279 desperatio
780 1216 874 1262 autent
897 1218 939 1263 est

10 1297 96 1360 ,contra
110 1283 221 1355 Deum,
236 1285 390 1344 secundina
405 1285 481 1360 quod
494 1285 555 1362 ejus
567 1285 671 1342 bonum
686 1283 704 1342 d
726 1285 807 1342 nobis
829 1286 941 1364 partici-

41 1377 88 1422 tur.
774 1375 778 1384 ‘

14 1385 162 1524 Painsuper
189 1459 270 1506 notat
291 1447 321 1506 S.
343 1447 444 1508 Thom.
472 1450 501 1506 in
522 1447 658 1526 “Corp.”
679 1449 763 1524 quid,
792 1448 859 1506 licet
887 1447 941 1509 hoc

10 1541 148 1606 peceatum
163 1549 222 1586 non
236 1531 273 1588 sit
287 1531 412 1588 omnium
423 1531 625 1608 gravissimum,
635 1531 672 1587 s'it
682 1544 776 1588 minen
787 1549 845 1606 prae
856 1544 940 1589 crete-

15 1609 43 1666 ris
53 1611 261 1686 periculosius:
281 1612 348 1688 qnia
360 1632 411 1690 per
424 1631 501 1690 apem
516 1611 713 1670 revocamur'a
737 1612 827 1681 malis,
851 1625 881 1670 et
904 1613 941 1672 ad

16 1691 72 1750 bona
84 1693 268 1763 adducimur,
283 1693 395 1756 acideo
409 1689 519 1752 sublati
535 1713 595 1771 spe,
618 1693 745 1751 homines
770 1694 942 1753 irrefrenatia

14 1786 83 1830 ruunt
97 1774 128 1830 in
143 1774 216 1832 vitia
224 1773 308 1852 juxta
321 1775 393 1833 illud
407 1775 540 1836 Jeremiae
553 1795 580 1834 c.
598 1777 643 1832 18.
654 1775 689 1832 V.
709 1777 756 1832 12.
770 1782 788 1810 “
799 1775 942 1852 Despera·
973 1777 979 1782 ”

15 1855 141 1914 “rimusz
166 1869 234 1932 poat
249 1857 434 1933 cogitationes
448 1857 524 1916 enim
538 1869 646 1914 nostras
668 1857 781 1926 ibimus,
805 1869 835 1915 et
855 1877 942 1916 unus-

10 1941 26 1970 *“
35 1937 149 2012 quisque
163 1938 331 2014 pravitatem
346 1939 437 1997 cordis
452 1939 496 1996 sui
509 1939 576 1996 mali
590 1937 750 1997 faciamus?

10 2065 12 2094 ,
41 2017 110 2076 Haec
136 2019 266 2096 intellige
287 2021 323 2078 de
346 2021 539 2098 desperatione
564 2019 648 2097 pleni
670 2017 839 2088 deliberati3
859 2020 936 2080 aliud

11 2119 115 2174 pemque
130 2113 176 2159 est
191 2102 228 2159 de
243 2102 445 2178 desperationis
459 2103 581 2160 motibus
595 2121 651 2158 non
665 2101 749 2178 plene
766 2101 936 2173 deliberatis,

14 2181 63 2238 ortis
76 2201 155 2258 saepe
170 2203 209 2240 ex
222 2183 378 2241 tentatione
392 2183 508 2254 diaboli,
518 2182 656 2242 vacuitate
667 2183 783 2254 cerebri,
794 2183 937 2261 complex·

13 2261 60 2320 ione
72 2263 288 2334 melancholici,
304 2265 356 2322 dc.

42 2343 190 2402 Undenam
206 2345 295 2403 oritur
308 2345 487 2424 desperatio?

11 2479 12 2486 ,
42 2425 73 2481 V.
93 2425 133 2483 R.
157 2427 292 2484 Proxima
306 2427 394 2484 oritur
409 2447 444 2484 ax
457 2425 685 2504 apprehensione,
707 2421 762 2504 qui
777 2427 840 2503 quis
858 2427 936 2506 judi·

14 2519 52 2574 tat,
64 2527 93 2565 ae
107 2506 127 2566 d
142 2507 319 2566 beatitudine
333 2508 554 2567 excludendum.

42 2588 161 2646 Remota
176 2590 268 2648 oritur
281 2610 317 2648 ex
339 2590 443 2659 acedia,
469 2590 583 2648 tristitia
606 2600 635 2648 et
659 2589 817 2668 dejectione
840 2592 935 2663 animi,

11 2669 52 2744 qui
63 2671 126 2745 quis
140 2682 257 2747 reputat
271 2671 355 2729 nimis
370 2671 482 2730 difficile
496 2691 557 2730 esse
571 2673 642 2730 bene
656 2673 767 2740 virere;
789 2684 873 2750 atque
897 2677 938 2734 ita

11 2753 98 2827 refugit
106 2752 220 2811 labores
228 2753 366 2812 bonorum
375 2773 501 2830 operum,
513 2766 543 2811 et
552 2753 718 2812 beatitudini
729 2755 937 2831 quodammodo

11 2833 147 2900 renuntiat.

11 2967 12 2976 .
43 2915 253 2991 Nonnunquam
263 2916 347 2974 etiarn
359 2916 447 2974 oritur
456 2935 492 2974 ex
504 2913 614 2974 luxuria
625 2937 633 2974 r
644 2915 709 2992 quia
718 2937 768 2994 per
778 2937 838 2976 sam
851 2915 936 2976 bomo

11 2995 170 3060 iarumalis
186 2997 315 3068 efficitur,
331 3010 363 3056 ut
382 2997 538 3075 spiritualia
561 2997 694 3067 fastidiat,
718 2999 763 3058 rel
788 3000 854 3075 quia
873 3000 937 3058 istae

11 3077 203 3154 ,delectationes
217 3079 258 3136 ita
270 3092 335 3138 sunt
349 3078 507 3149 adbaesirae,
521 3090 555 3137 ut
568 3079 649 3138 facili
663 3079 725 3156 quis
735 3079 935 3157 apprehendat,

11 3157 36 3238 {ae
46 3160 169 3218 mimum
185 3161 220 3218 ab
235 3160 289 3218 illis
303 3181 444 3240 nunquam
454 3175 633 3219 aversurum:
648 3173 677 3219 et
686 3160 741 3220 boc
752 3163 836 3222 morlo
851 3163 935 3222 etiam

16 3259 41 3296 rx
51 3241 108 3299 aliis
123 3242 263 3319 peccandi
277 3242 422 3302 affectibus
437 3243 503 3302 oriri
517 3253 611 3320 potest
625 3242 797 3320 desperatio.

46 3325 183 3388 Qnaenam
197 3335 264 3381 sunt
276 3325 399 3382 remedia
413 3337 511 3383 contra
529 3325 773 3402 desperationem?

45 3404 91 3462 Vl.
112 3405 150 3463 R.
174 3406 244 3464 Alia
257 3418 322 3464 sunt
335 3407 458 3464 remedia
468 3405 601 3484 specialia
614 3419 710 3465 contra
720 3426 832 3465 causam
845 3427 938 3466 remo·

11 3497 67 3554 tan,
86 3499 234 3546 utcontra
258 3487 392 3558 acediam,
417 3508 480 3563 quae
504 3487 626 3546 breviter
647 3487 732 3546 babes
757 3487 844 3546 Num.
869 3489 937 3548 147.

21 3569 69 3625 “de
83 3568 236 3645 peccatis,”
257 3581 286 3627 et
300 3581 397 3627 contra
418 3570 565 3640 luxuriam,
588 3569 652 3628 ride
667 3569 847 3628 Nemaea.
870 3577 888 3606 “
899 3571 936 3628 de

21 3658 32 3685 ‘¹
43 3651 183 3725 speciebus
205 3651 349 3708 luxuria?
400 3647 564 3710 Generatim
589 3651 712 3710 remedia
736 3671 797 3710 esse
819 3664 936 3728 possunt

24 3729 81 3788 bna
94 3732 165 3789 fides
181 3732 216 3790 de
231 3732 421 3791 misericordia
435 3733 492 3791 Dei
506 3752 572 3808 erga
585 3745 755 3809 peccatores,
776 3731 934 3791 considera·

24 3809 158 3874 tuamor-is
174 3812 297 3885 Christi,
311 3814 359 3892 qui
383 3815 412 3874 iu
436 3833 549 3874 cracem
572 3825 651 3874 actus
665 3815 778 3874 Patrem
801 3832 852 3890 pro
876 3811 934 3872 suis
