2240 4060
429 201 536 244 mnu.

23 343 88 384 lun.
132 373 133 380 ,

23 397 53 452 t3
84 393 323 458 DeObaeutituto
334 393 599 472 Scriptum-Saone,
693 405 696 414 '

22 478 55 534 {4
84 477 133 536 Do
146 475 282 534 Lectione
298 474 448 552 Scriptum
465 476 566 546 Sacrae,

22 560 55 614 55
84 557 264 626 Quasstiones
278 557 405 632 quiedam
420 557 455 620 de
471 557 614 634 Scriptura
626 556 720 627 Sacra,

22 642 54 700 6
85 639 133 700 Do
153 637 361 698 Traditionibus
376 638 536 697 Secundum
552 659 582 698 se
604 657 755 716 earumque
768 638 811 698 di·

147 719 309 788 visionibus,
527 761 536 780 .

21 803 55 858 37
84 801 133 862 Do
147 800 305 860 Existentia
318 813 348 858 et
361 800 527 858 necessitate
541 761 731 871 traditionum,

21 885 54 942 58
82 883 131 942 De
148 882 299 960 Principuis
313 881 492 940 traditionum
507 883 621 957 regulis,
712 924 721 942 .
801 922 809 941 .

20 965 56 1022 59
83 965 132 1026 Do
145 964 248 1024 Ju'dioe
261 963 511 1024 controversiarum
527 963 615 1032 Fidei,

233 1083 236 1094 ⁵
341 1124 399 1184 nn
422 1123 636 1186 nccnnsm.

19 1291 55 1347 iO
80 1287 130 1350 Do
145 1287 283 1358 Ecclesia,
398 1289 420 1304 ”

18 1369 53 1430 71
81 1369 320 1448 Deiis'quisuut
334 1368 363 1426 in
377 1368 515 1438 Ecclesia,
712 1412 720 1429 .
801 1413 810 1431 .

18 1449 57 1509 72
81 1453 133 1512 An
147 1465 244 1512 omnes
257 1463 287 1510 et
300 1449 352 1508 soli
365 1451 555 1527 predestinati
569 1449 625 1509 sint
638 1449 668 1508 in
682 1451 819 1524 Ecclesia,
894 1461 896 1466 '

18 1533 57 1592 73
81 1531 132 1594 Do
146 1533 282 1593 Ecclesiae
300 1531 468 1603 visibilitate,

17 1615 59 1674 ts
82 1613 132 1674 De
147 1614 231 1674 Notis
245 1613 392 1684 Ecclesiae,
622 1655 630 1672 .
710 1653 719 1672 .
801 1656 809 1674 .

17 1697 58 1754 75
81 1696 132 1756 De
146 1695 223 1754 Nota
236 1694 382 1764 Ecclesia,
403 1685 458 1786 qui
477 1693 582 1752 dicitur
602 1693 679 1766 Uno,
801 1739 810 1756 .

16 1780 58 1836 76
82 1777 132 1836 De
148 1777 224 1836 Nutu
238 1775 384 1846 Ecclesia,
406 1771 460 1854 qui
476 1775 579 1833 dicitur
595 1776 716 1848 Sancto,
799 1818 808 1837 .

16 1861 57 1918 77
82 1859 133 1918 De
147 1857 224 1918 Nota
239 1857 384 1928 Ecclesiae,
405 1872 459 1952 qut
475 1857 579 1914 dicitur
597 1819 757 1931 Catholiiu,

18 1942 59 2000 78
81 1939 132 2002 Do
146 1939 223 1999 Noto
237 1939 384 2008 Ecclesiae,
406 1953 460 2014 qua
478 1937 580 1997 dicitur
594 1902 768 2018 apostotici,

18 2023 59 2080 79
82 2021 132 2082 De
146 2021 303 2080 Duratioue
318 2019 464 2090 Ecclesiae,
618 2063 626 2078 .
709 2062 716 2079 .
799 2065 808 2080 .

20 2106 59 2164 80
82 2103 132 2162 De
146 2101 350 2162 Inlullibilitute
364 2101 511 2171 Ecclesia,

19 2187 58 2243 81
83 2183 132 2244 De
147 2183 323 2243 Auctoritnto
339 2181 484 2252 Ecclesia,

20 2269 60 2324 82
83 2265 184 2331 Qualis
198 2285 258 2326 asso
272 2265 373 2325 debeat
386 2283 537 2323 consensus
552 2263 768 2343 Episcoporum,

20 2350 61 2405 83
83 2347 132 2408 Dc
147 2346 364 2407 Constitutione
372 2346 550 2422 Usipetum,
803 2389 811 2406 .

24 2430 62 2486 la
83 2429 132 2488 Do
146 2427 325 2487 Auctoritute
340 2425 520 2488 Ecclesiae
496 2447 569 2486 circa
583 2427 751 2504 quaestiones
764 2429 839 2501 facti,

22 2513 63 2568 85
84 2511 133 2570 Do
160 2509 362 2568 lnfullibilitate
391 2507 562 2567 Ecclesia
554 2527 582 2566 ιιι
612 2510 830 2570 canonizatione

147 2590 362 2659 Sanctorum·
500 2659 502 2667 Α

24 2675 61 2732 86
84 2672 133 2732 De
148 2671 282 2732 Conciliis
297 2669 511 2739 Ecclesiastiois,
804 2715 813 2732 .

23 2757 61 2811 87
86 2751 175 2830 Cujus
189 2751 226 2810 sit
241 2771 394 2812 convocare
411 2751 568 2812 Concilium
583 2753 720 2828 generale,
803 2795 812 2816 .

24 2835 63 2892 88
85 2836 133 2894 De
148 2833 285 2895 Conciliis
300 2833 488 2894 Gauerulibus
503 2835 671 2910 approbatis,
803 2879 811 2895 .

24 2917 64 2973 89
85 2917 133 2976 De
148 2915 327 2974 Auctoritate
341 2916 541 2984 Consiliorum,
624 2957 631 2973 .
713 2959 720 2974 .
804 2960 812 2976 .

24 2997 63 3054 90
85 2999 133 3056 De
149 2997 269 3056 Summo
280 2996 429 3067 Pontifice,
526 2997 529 3006 '

25 3077 62 3135 91
84 3079 133 3138 De
148 3078 274 3136 Primatu
289 3077 375 3146 Petri,

25 3159 65 3216 92
85 3161 133 3219 De
150 3157 318 3218 Successore
333 3158 409 3217 Petri
424 3158 452 3214 in
468 3157 603 3228 Primatu,

26 3239 64 3296 93
86 3241 135 3300 Do
149 3240 295 3300 Potestate
311 3239 419 3299 Summi
434 3240 587 3306 Pontificio,
806 3287 813 3302 .

26 3321 66 3378 ot
88 3324 162 3388 Quse
174 3331 206 3380 'et
220 3333 323 3398 qutnts
336 3322 372 3380 sit
387 3321 532 3383 Pontificis
547 3321 683 3391 Potestas,
806 3367 815 3383 .

27 3403 65 3458 95
90 3407 137 3461 Au
153 3403 230 3480 Papa
244 3403 281 3460 sit
297 3401 428 3480 Superior
443 3403 572 3462 Concilio
586 3403 715 3479 generali,
805 3448 813 3465 .

28 3483 67 3540 96
87 3483 136 3544 Do
153 3483 353 3542 lnfnllibilitute
365 3483 473 3541 Summi
489 3483 643 3553 Pontificis,
806 3529 814 3545 .

28 3563 66 3620 97
90 3567 137 3624 Au
151 3565 284 3624 Pontifex
307 3565 405 3624 saltem
426 3578 458 3622 ut
478 3565 586 3642 privetu
609 3585 726 3644 persona
747 3567 854 3646 possit

151 3659 213 3706 osso
227 3645 545 3713 hereticus.
807 3693 815 3709 .

34 3729 70 3786 93
92 3727 138 3787 De
155 3729 300 3788 Potestate
314 3726 460 3806 temporali
476 3727 584 3786 Summi
601 3691 754 3800 Pontificio,
