2248 4070
369 111 411 156 nu
432 113 578 158 arctans.
715 104 719 118 ·
883 93 943 154 339
1051 131 1054 136 -

49 255 96 313 2⁰.
109 251 157 316 Ut
170 258 345 316 consuetudo
358 259 394 318 sit
407 249 534 336 legitimo
547 269 675 337 ternpore
689 259 859 320 continuata.

47 339 98 395 3⁰.
112 338 202 397 Juxta
215 339 308 416 plures
322 341 405 398 etiam
420 342 510 418 debet
519 359 684 400 concurrere
704 343 872 410 tenendos,
887 338 942 418 quui

7 432 87 477 actus
101 431 200 478 contra
213 421 304 497 legem
319 435 485 498 reputentur
498 422 578 480 liciti.

47 501 195 564 Quantum
209 503 343 578 temporis
364 504 521 580 requiritur,
546 515 579 562 ut
602 504 778 562 consuetudo
798 503 845 562 vit
869 497 948 584 prate¹

8 582 170 658 scriptionis
183 583 273 660 legem
289 584 430 662 abroget?
944 639 948 654 ,

45 663 104 721 111.
121 664 159 722 R.
173 665 221 722 Ad
235 667 470 742 praescribendum
492 677 588 724 contra
610 667 702 742 legem
727 666 837 726 civilem
863 669 941 726 suffi-

7 744 83 802 ciunt
102 748 141 802 10
164 747 247 813 sanir
268 747 333 824 quia
351 747 415 824 jura
438 749 474 806 ad
499 749 685 806 inducendum
710 749 941 808 cousuetudinem

6 826 154 902 requirunt
167 827 281 906 longum
294 841 424 906 tempns;
443 831 495 888 sed
509 829 572 906 lege
588 829 692 889 SUPER
714 847 810 888 sonet
834 831 942 890 codicis

7 914 22 942 ‘¹
35 909 71 965 de
99 909 385 987 praeecriptionibus,”
413 911 580 970 decennium
609 911 802 970 continuatum
836 913 941 972 dicitur
982 958 986 963 .

5 989 119 1065 longum
136 1003 267 1068 tempus:
289 1011 364 1068 ergo,
380 993 431 1050 &c

41 1071 95 1130 lv.
106 1073 159 1130 Ad
167 1073 402 1150 praescribendum
413 1085 509 1132 contra
517 1074 607 1150 legem
619 1073 847 1133 Ecclesiasticam
858 1076 942 1135 multi

6 1171 65 1211 cnm
80 1152 217 1230 Fagnano
231 1155 347 1230 exigunt
361 1158 401 1213 to
414 1175 520 1213 annor:
541 1157 606 1232 quia
620 1156 666 1213 lex
684 1155 882 1216 Ecclesiastico
895 1171 941 1218 est

1 1234 45 1312 jus
58 1236 206 1310 quoddam
220 1255 272 1293 seu
285 1257 330 1294 res
343 1237 493 1294 immobilis
509 1237 645 1295 Ecclesiae
657 1257 664 1295 :
679 1237 757 1313 etqui
770 1257 815 1295 res
837 1239 939 1298 immo·

5 1315 63 1374 bilis
79 1315 222 1376 Ecclesia
236 1319 344 1375 tuntdm
358 1318 547 1396 praescribitur
562 1323 602 1377 40
616 1319 703 1387 annis,
715 1317 799 1396 juxte
812 1339 873 1398 cap.
888 1321 939 1380 Da

7 1415 144 1461 unsara
159 1411 239 1457 extra
259 1399 323 1457 “da
336 1400 590 1477 praescriptionibus
602 1399 627 1458 =''
648 1419 724 1476 ergo,
744 1401 796 1459 &a

41 1479 76 1536 V.
99 1479 171 1538 Non
185 1481 404 1558 improbabiliter
417 1495 519 1552 tamen,
533 1494 566 1540 nt
589 1482 629 1540 ait
651 1481 758 1540 Baned.
783 1481 865 1540 XIV.
887 1483 939 1542 lib.

8 1562 51 1618 13.
73 1561 145 1619 “de
160 1560 276 1638 Synodo
298 1563 440 1621 Dioeces.”
460 1583 521 1640 cap.
546 1565 574 1620 5.
598 1583 676 1620 num.
699 1564 729 1620 t.
752 1563 879 1641 plerique
901 1583 939 1624 ex

6 1643 206 1700 recentioribus
219 1643 369 1720 opinantur
393 1645 521 1702 sufficere
547 1648 583 1701 10
608 1664 704 1713 annos,
727 1646 870 1720 quianon
895 1657 940 1706 est
969 1711 970 1718 χ

5 1723 164 1782 inducenda
177 1724 362 1802 discrepantia
375 1727 448 1784 inter
456 1729 503 1802 jus
522 1726 604 1784 civile
619 1739 648 1784 et
663 1727 846 1798 Canopicum,
867 1729 937 1787 dum

4 1825 54 1864 non
68 1804 192 1864 babetur
205 1825 336 1882 expresse
349 1808 495 1884 dispositio
505 1807 577 1885 juris
599 1807 628 1865 in
649 1809 838 1868 contrarium:
859 1809 937 1887 atqui

4 1886 61 1946 tulis
76 1885 128 1945 hic
141 1907 198 1944 nou
211 1886 348 1946 habetur:
370 1909 445 1966 ergo,
462 1891 513 1947 &a

40 1967 106 2026 Nec
121 1969 207 2037 valet,
221 1967 359 2046 inquiunt,
375 1971 545 2047 computatio
565 1971 793 2048 praescriptionis,
814 1971 870 2048 qut
889 1989 936 2032 res

4 2049 155 2108 inmobilis
169 2051 205 2109 ab
220 2049 349 2109 Ecclesia
362 2053 504 2120 aufertur3
523 2071 587 2110 nam
602 2050 670 2110 aliiue
684 2053 730 2110 lex
755 2051 772 2111 it
798 2053 936 2113 Pontifice

4 2129 56 2189 lata
69 2151 131 2188 non
144 2143 240 2210 posset
253 2133 379 2213 abrogari
392 2133 437 2191 rii
450 2133 666 2212 praesodptionis
680 2134 734 2192 nisi
747 2153 798 2212 per
818 2154 936 2194 cousue-

4 2211 132 2272 tudinem
159 2217 218 2272 100
231 2233 385 2284 annorum;
407 2215 470 2274 edm
491 2227 600 2274 tautum
622 2215 757 2293 temporis
775 2217 936 2292 requiratur

2 2296 34 2354 ad
47 2295 292 2372 praescribendum
305 2307 402 2356 contra
415 2298 489 2356 bonu
501 2309 531 2355 et
539 2295 604 2374 jura
628 2297 766 2355 Ecclesiae
788 2296 936 2356 Romanae.

4 2375 85 2434 Hanc
100 2377 270 2435 sententiam
285 2389 461 2456 propugnant
474 2377 599 2450 Lessius,
622 2379 670 2438 De
694 2378 786 2455 Lugo,
810 2377 936 2438 Reiffea-

4 2459 82 2528 stuel,
113 2459 168 2516 ae.
195 2477 312 2535 eamque
336 2460 440 2518 Suarez
463 2460 585 2536 practice
613 2473 717 2518 certam
745 2471 856 2537 reputat
882 2479 935 2538 pro

4 2539 216 2617 ptaesmiptione
229 2554 325 2598 corsua
337 2542 429 2618 legem
444 2542 551 2601 Canon.
561 2561 700 2617 nunqnam
711 2561 762 2599 usu
773 2553 913 2619 receptam
927 2565 936 2611 3

7 2641 172 2697 quamquam
196 2621 318 2698 requirat
342 2625 382 2681 40
405 2641 492 2680 annos
516 2625 551 2681 ad
576 2623 812 2700 praescribendum
836 2635 936 2682 contra

7 2703 91 2779 legem
109 2703 349 2776 Ecclesiastioam,
364 2723 427 2780 quus
440 2716 522 2763 antea
535 2705 589 2762 luit
601 2705 630 2762 in
646 2704 728 2762 viridi
749 2705 934 2764 observantia.

41 2783 72 2843 Si
82 2785 420 2863 tempusinterrumpatnr
428 2786 649 2863 percontrarium
660 2797 753 2844 actum
758 2785 932 2863 judicialem,

7 2887 29 2923 r.
51 2885 78 2943 g.
103 2866 269 2943 punitionis,
292 2869 446 2935 sententie,
475 2868 526 2926 &a
554 2868 640 2926 debet
666 2887 775 2924 rursum
795 2869 833 2925 de
859 2885 933 2925 novo

5 2947 148 3014 inchoari;
169 2949 239 3006 adeo
267 2959 298 3006 ut
325 2949 430 3026 priores
457 2949 523 3006 anni
550 2969 605 3006 non
633 2949 741 3026 possint
760 2948 948 3027 computttri;⁴

7 3029 77 3086 uliud
92 3029 163 3086 verb
176 3041 228 3096 est,
243 3029 310 3087 dum
324 3029 496 3108 praescriptio
516 3029 627 3100 dormit,
648 3031 724 3106 quod
745 3029 807 3086 fleri
829 3041 934 3107 potest,

6 3111 65 3168 aiei
87 3112 268 3188 superveniat
292 3131 385 3169 merus
409 3131 464 3169 non
487 3133 553 3170 nens
575 3111 655 3188 legis,
679 3112 715 3170 de
737 3129 793 3186 quo
816 3128 934 3169 numero

7 3191 194 3268 paeccdenti3
215 3205 282 3250 tnnc
296 3194 380 3264 enim,
395 3195 418 3250 si
432 3206 530 3270 postea
542 3194 644 3251 iterum
657 3191 814 3262 reviviscat,
828 3192 936 3269 priores

7 3273 67 3330 unni
81 3274 241 3350 computari
254 3287 373 3350 possunt
387 3295 451 3332 curn
466 3275 675 3353 posterioribus,
695 3291 752 3332 non
766 3269 936 3352 computatis

7 3353 187 3423 intermediis,
202 3355 302 3430 quibus
316 3357 456 3415 dormivit.

44 3437 94 3493 An
108 3437 259 3512 requiritur
272 3438 346 3495 bona
358 3439 450 3495 fides?

45 3518 82 3575 R.
105 3517 220 3594 Negant
240 3518 335 3595 aliqui,
359 3531 392 3576 ut
419 3519 568 3584 Vallensis‚
597 3517 792 3588 Reiffenstuel,
820 3517 873 3576 tro.
900 3517 935 3577 ab

8 3600 80 3673 quod
109 3599 177 3656 aliis
204 3599 283 3658 nulla
309 3602 482 3660 consuetudo
510 3613 606 3658 contra
632 3600 724 3676 legem
755 3599 937 3678 proscribens

7 3693 111 3756 posset,
139 3681 203 3739 edm
231 3682 373 3740 moraliter
400 3681 572 3759 impossibile
598 3680 643 3752 sit,
666 3694 698 3739 ut
722 3681 896 3740 consuetudo
920 3679 937 3738 a

7 3761 127 3821 subditis
141 3783 197 3822 non
210 3762 357 3823 inchoetur
366 3763 443 3822 mali
456 3763 521 3820 lide.
