2248 4070
149 125 209 184 856
527 139 721 184 ranornrns

148 307 210 366 cap.
226 287 334 346 Suara
348 283 503 345 ersars:
524 286 631 344 Pontus
645 305 706 344 eam
721 295 835 364 reputat
845 283 1008 355 invalidam,
1023 282 1099 361 quia

147 370 216 428 licet
240 369 431 446 dispensatum
454 367 553 426 luisset
576 381 693 445 propter
716 387 829 426 causam
851 387 955 438 veram,
978 367 1004 424 si
1031 366 1098 423 sola

148 451 248 508 luisset
261 449 396 527 exposite,
418 449 549 525 equidem
565 450 600 506 de
614 450 690 507 lacto
704 448 897 525 dispensatum
911 461 955 507 est
969 459 1098 525 propter

148 543 295 607 utramque
319 530 422 589 simul:
448 531 522 588 unde
547 529 720 608 dispensatio
742 530 842 588 saltem
858 530 970 588 videtur
992 529 1097 596 dubia,

147 615 182 672 'ac
206 613 278 671 adeo
299 613 333 670 ei
354 613 398 670 uti
411 631 467 670 non
482 612 557 670 licet.
598 611 673 670 Vide
689 617 707 646 “
719 612 755 670 do
770 611 955 670 Matrimonio
966 611 982 634 '’
999 611 1097 670 Num.

149 695 226 754 citat.
510 713 513 720 ·

188 774 241 832 Vl.
262 775 383 840 Quando
396 775 541 851 subreptio
554 774 741 832 committitur
754 773 829 832 circa
846 773 904 841 illa,
926 793 993 850 quta
1006 773 1096 832 abso·

147 857 209 914 luta
229 857 409 932 requiruntur
431 853 466 914 ‘de
485 855 560 932 jure,
582 856 627 914 vel
641 875 676 914 ex
691 855 767 934 stylo
781 855 866 914 curiae
880 855 965 925 illius,
988 855 1018 912 in
1037 874 1097 930 qua

147 939 332 1016 dispensatur,
354 937 524 1013 dispensatio
539 936 593 994 erit
606 936 736 1007 invalida,
758 937 843 1012 idque
857 956 893 994 ex
906 937 1032 1014 positiva
1044 956 1096 993 vo-

147 1019 254 1078 luntate
269 1019 463 1096 dispensantis,
485 1019 532 1094 qui
546 1019 674 1076 absolute
695 1037 753 1078 uon
772 1017 895 1076 intendit
912 1019 1094 1095 dispersam,

147 1099 201 1159 nisi
215 1099 305 1177 stylus
319 1099 400 1157 istius
414 1100 500 1158 cnriae
514 1100 559 1157 vel
573 1097 622 1176 jus
640 1099 712 1158 illud
732 1101 904 1168 observetur,
919 1099 989 1158 licet
1002 1118 1096 1158 causa

124 1185 127 1192 “
147 1181 238 1242 finalis
253 1181 394 1238 sufficiens
416 1182 591 1250 subsisteret,
613 1191 642 1238 et
656 1181 747 1257 stylus
761 1181 809 1239 ille
823 1180 1034 1258 inculpabiliter
1049 1180 1094 1256 ig-

147 1274 270 1324 noretur.
311 1262 385 1319 Vide
399 1258 480 1338 pluia
493 1262 548 1320 buo
561 1263 717 1339 spectantia
732 1261 820 1320 Nutu.
836 1263 903 1320 las.
923 1275 952 1321 et
967 1281 1094 1338 sequen·

147 1345 224 1402 tibus
239 1348 256 1388 ‘1‘
267 1344 303 1402 da
318 1343 527 1401 Matrimonio.”

192 1429 240 1484 An
261 1425 351 1482 omnis
372 1425 478 1482 falsitas
500 1423 628 1500 exposita
641 1424 686 1482 rel
700 1424 803 1482 veritas
825 1425 976 1490 occultata,
1001 1425 1092 1483 etiam

121 1511 126 1519 '
147 1525 198 1584 per
208 1506 346 1576 ¹fraudem,
361 1505 429 1564 lacit
442 1503 677 1582 dispensationem
692 1506 873 1583 abreptitium
886 1506 931 1564 vel
945 1507 1093 1583 subrepti·

147 1588 242 1646 tium?

189 1669 227 1728 R.
249 1667 396 1744 Negatirb.
419 1667 485 1724 dum
500 1685 602 1744 nempe
615 1667 718 1724 veritas
732 1679 781 1726 aut
795 1667 901 1726 falsitas
915 1667 966 1726 illa
979 1679 1027 1726 est
1042 1688 1092 1726 ex·

147 1749 269 1809 trinseca
283 1761 311 1806 et
325 1748 507 1826 impertinens
520 1749 556 1806 ad
570 1767 682 1806 eausam
697 1749 895 1825 dispensandis
926 1769 951 1806 r.
965 1770 999 1826 g.·
1020 1751 1048 1806 si
1062 1751 1091 1806 in

147 1831 275 1909 supplica
289 1830 406 1900 dicatur,
427 1830 630 1907 supplicantem
646 1849 708 1894 osse
722 1830 960 1906 consanguineum
972 1832 1092 1908 dispen-

134 1913 243 1982 santis,
259 1911 303 1969 vel
318 1922 450 1981 taceatur,
465 1910 669 1988 supplicantem
684 1929 741 1968 nou
755 1931 818 1970 esse
831 1911 1004 1982 timoratum,
1020 1912 1092 1970 licist

147 1995 221 2052 lorte
233 1992 361 2072 superior
373 2011 430 2050 non
444 1992 641 2069 dispensasset,
662 1991 687 2048 si
700 1991 750 2050 illa
763 1991 948 2070 cognovisset.

189 2077 239 2133 An
257 2093 333 2133 error
353 2074 383 2131 in
404 2074 518 2132 nomine
541 2086 592 2131 aut
612 2073 785 2151 praenomine
806 2073 992 2152 supplicantis
1005 2074 1092 2133 vitiat

146 2155 407 2233 dispensationem?
490 2217 498 2230 x

184 2237 253 2295 VII.
275 2237 311 2294 R.
335 2237 443 2296 Omnes
457 2236 611 2305 resolvunt,
635 2236 671 2294 ab
685 2255 778 2294 errore
800 2234 856 2292 isto
878 2235 914 2294 de
934 2234 1001 2313 jure
1025 2255 1090 2294 eam

143 2337 200 2376 non
214 2318 314 2388 vitiari,
330 2319 415 2376 modb
429 2319 498 2376 satis
512 2328 622 2378 constet
636 2317 672 2375 de
686 2336 825 2394 persona:
848 2315 975 2394 Pyrrhus
989 2329 1090 2376 tamen

144 2401 236 2469 docet,
258 2419 293 2457 ex
307 2399 383 2478 stylo
398 2399 493 2459 Curiae
510 2400 645 2457 Romauae
663 2418 785 2457 errorem
804 2399 926 2456 nominis
940 2399 1091 2476 dispensa·

143 2481 250 2540 tionem
265 2481 371 2550 vitiare,
393 2481 468 2556 quod
493 2481 540 2538 De
554 2480 645 2539 Justis
659 2491 688 2538 ot
702 2479 746 2538 La
760 2479 848 2548 Croix
861 2480 1038 2555 restringunt
1053 2483 1090 2538 ad

144 2563 380 2641 dispensationem
395 2563 425 2619 in
439 2563 529 2620 forma
541 2580 706 2639 pauperum.
748 2560 823 2618 Vide
834 2559 922 2619 Num.
936 2563 1005 2619 128.
1023 2569 1043 2598 ‘⁴
1053 2563 1089 2620 de

145 2649 166 2678 ⁴⁴
180 2641 391 2702 Matrimonio.”

185 2724 263 2790 Quid
272 2723 467 2800 judicandum,
482 2724 550 2781 dum
561 2723 591 2780 in
600 2722 736 2799 rescripto
746 2721 972 2799 dispensationes
982 2725 1088 2784 Rornae

144 2804 337 2883 adjunguntur
350 2805 428 2864 salem
442 2825 545 2873 cauam,
559 2823 609 2862 seu
623 2803 753 2874 rationes,
768 2821 838 2880 quas
851 2805 1015 2883 supplicans
1030 2827 1087 2865 non

144 2907 179 2944 ex
201 2886 299 2945 osuit?
480 2901 484 2908 '

161 2975 164 2982 '
182 2907 271 3027 lVIII.
294 2968 331 3028 R.
352 2967 387 3026 ld
401 2986 543 3044 nunqnam
558 2963 622 3024 fieri
632 2967 667 3024 eb
681 2965 744 3044 ipso
755 2966 893 3024 Pontifice
903 2967 948 3026 vel
964 2969 1001 3026 ab
1013 2968 1088 3027 Offi-

145 3051 190 3108 cio
205 3051 393 3128 dispensante,
408 3049 457 3106 sed
472 3048 622 3124 aliquando
636 3047 752 3125 ab'ipsis
767 3047 941 3124 “agentibus
952 3049 969 3072 ”
983 3051 1014 3107 iu
1028 3052 1086 3110 Cu·

144 3133 187 3190 ria
202 3131 330 3189 Romana
343 3142 441 3188 contra
453 3125 628 3187 voluntatem
643 3129 806 3198 Pontificis3
823 3129 900 3188 unde
923 3129 993 3188 Pius
1003 3133 1044 3190 V.
1059 3145 1086 3192 et

146 3213 318 3271 Benedictus
341 3209 423 3270 XIV.
448 3211 606 3282 decrevere,
627 3211 698 3269 tales
722 3210 880 3288 puniendos
902 3223 938 3270 ut
961 3233 1029 3272 reos
1052 3216 1086 3273 de

144 3293 261 3353 crimine
274 3292 347 3350 falsi.

186 3375 240 3432 IX.
262 3375 339 3432 Dum
356 3383 449 3431 autem
460 3373 531 3432 illud
546 3374 634 3442 fieret,
648 3383 718 3432 tuno
731 3373 853 3432 rationes
862 3374 921 3431 illae
933 3375 1022 3433 etiam
1039 3378 1084 3436 de-

145 3457 245 3512 berent
260 3455 394 3512 verificari
409 3473 501 3512 coram
515 3454 726 3524 commissario,
748 3455 881 3525 Officieli,
901 3455 948 3512 vel
964 3457 1084 3516 Confes-

147 3535 220 3592 sario
247 3536 447 3610 dispensante3
482 3531 550 3593 allis
574 3535 744 3612 dispensatio
771 3537 844 3596 toret
870 3537 972 3596 nulla:
1008 3559 1085 3598 error

148 3615 284 3674 tamenin
297 3616 422 3692 proemio
436 3617 563 3694 rescripti
576 3616 647 3674 illud
660 3635 717 3674 non
731 3637 842 3696 semper
855 3617 945 3678 vitiat.

190 3695 309 3771 Expone
322 3697 469 3773 praecipua·
477 3699 506 3754 in
521 3697 660 3776 exemplo.

190 3775 228 3832 R.
250 3776 440 3852 supponatur,
461 3780 600 3838 Joannem
625 3779 786 3852 Diaconum
813 3781 849 3839 ad
873 3779 1082 3859 impetrandum

152 3855 386 3932 dispensationem
405 3857 434 3916 in
456 3860 553 3918 ordine
575 3859 847 3926 admnoanendom
870 3863 1081 3923 matrimonium
