2228 4076
245 213 287 254 or
309 210 684 260 viaruraouaarrarrs.
873 195 932 252 199

33 356 105 435 obj.
120 357 248 416 Habitus
261 360 327 418 fidei
341 371 370 418 et
383 359 444 435 spei
461 371 518 416 non
537 357 704 418 amittuntur
723 375 774 433 per
788 357 933 432 quodlibet

5 454 146 499 uocatum
162 439 299 501 modale:
320 461 387 516 ergo
402 459 454 498 nec
467 439 577 499 habitus
591 437 742 498 charitatis.

36 523 73 580 R.
90 521 235 597 Negando
249 543 361 597 conseq·
382 523 539 598 Dieparitus
560 533 613 588 est,
635 521 710 596 quod
725 539 774 596 per
788 519 934 594 quodlibet

5 616 147 662 necatum
162 603 281 664 mortale
305 621 360 660 non
385 605 545 662 destruatur
568 603 708 678 objectant
731 602 847 658 formale
867 602 933 658 fidei

5 698 40 744 tut
62 685 149 762 spei:
171 687 223 744 sed
245 705 295 763 per
319 686 463 760 quodlibet
488 684 604 742 mortale
629 684 782 740 destruitur
800 682 871 740 ratio
885 684 934 740 ob·

5 768 60 824 eoti
82 767 214 824 formalis
233 766 384 836 charitatis,
405 768 473 826 durn
494 765 553 826 Dei
573 765 683 824 bouitas
696 765 785 822 amori
799 781 934 822 creaturae

5 848 189 924 tostponitur.

33 930 196 994 Quomodo
209 943 355 1006 peccatum
367 929 485 988 mortale
499 928 625 986 excludit
639 927 824 988 chantatem?

32 1013 94 1070 111.
122 1011 158 1068 R.
182 1011 247 1068 Non
260 1011 352 1068 solbm
366 1011 544 1068 demeritorie
558 1025 586 1068 et
601 1009 761 1068 moraliterr
785 1010 835 1066 sed
849 1008 934 1066 etiarn

5 1093 211 1168 ruodammodo
225 1093 377 1152 efficienter
391 1107 421 1150 et
434 1092 560 1168 physice,
574 1107 688 1169 propter
703 1091 934 1167 incompossibili-

5 1189 82 1232 atem
99 1173 214 1251 peccati
228 1175 353 1232 mortalis
367 1193 431 1232 cnm
446 1173 580 1232 charitate
595 1174 738 1232 innodent
753 1173 888 1248 subjecto,
903 1187 935 1232 ut

5 1257 109 1314 lictum
138 1269 184 1312 est
206 1253 245 1314 N.
269 1258 317 1312 32.
349 1256 412 1312 “do
439 1249 682 1320 testificatione?
712 1255 813 1312 desinit
841 1268 933 1312 autem

5 1339 112 1396 rabitus
135 1335 287 1404 charioris,
316 1337 381 1395 Deo
400 1337 545 1394 desinente
569 1337 684 1394 influere
713 1350 750 1404 et,
762 1355 935 1403 conservare,

5 1419 79 1478 rituti
95 1438 198 1476 omnes
212 1438 256 1476 res
269 1419 298 1478 in
312 1417 430 1478 nihilum
445 1419 610 1490 reciderent,
632 1419 656 1476 si
670 1438 717 1476 eas
733 1418 813 1478 Deus
825 1418 936 1476 desino·

5 1514 38 1560 ret
51 1519 234 1560 conservare.

38 1743 248 1804 N.124.1)E
271 1743 405 1804 sionis
428 1741 704 1803 enarrarre
727 1741 896 1802 Anrssrs

342 1823 613 1886 ennarrans,

5 1987 24 2046 l.
50 1988 206 2074 Certitudo
229 1990 265 2048 de
287 1986 427 2048 charitate
467 1987 507 2046 ΙΙ.
535 1987 715 2048 Esttanttm
728 1987 937 2064 conjecturalis.

299 2070 357 2128 Ill.
373 2071 472 2146 Siqua
485 2072 644 2128 charitatis.

43 2231 246 2298 QUAENAM
260 2243 325 2290 sunt
339 2233 427 2308 signa,
441 2251 476 2290 ex
490 2231 591 2307 quibus
604 2232 700 2308 colligi
713 2243 815 2310 potest,
830 2252 865 2291 an
876 2233 938 2308 quis

8 2312 170 2372 charitatem
186 2313 294 2380 habeat,
319 2315 362 2372 vel
377 2334 437 2372 eam
453 2314 597 2376 amiserit?

44 2397 68 2453 1.
84 2397 123 2454 R.
140 2396 209 2454 Sine
231 2396 346 2470 speciali
370 2395 540 2454 revelatione
564 2415 646 2454 nemo
660 2395 689 2452 in
703 2394 755 2453 bac
775 2396 833 2453 vita
845 2407 940 2472 potest

10 2559 153 2616 rehabere
169 2557 332 2618 charitatem
347 2557 525 2628 habitualem,
546 2571 578 2616 ut
599 2559 706 2616 dictum
725 2570 768 2616 est
790 2559 876 2616 Num.
891 2561 940 2616 31.

11 2647 25 2672 “
34 2641 79 2698 De
93 2639 222 2700 Gratia.''

47 2723 86 2781 ll.
102 2722 205 2780 Potest
225 2733 318 2779 tamen
340 2719 425 2778 homo
445 2720 546 2778 habere
571 2721 766 2780 certitudinem
791 2725 939 2798 quamdam

13 2803 235 2879 conjecturalem,
256 2803 438 2878 probabilem,
459 2815 488 2860 et
509 2803 642 2860 moralem
666 2803 722 2864 late
748 2805 862 2874 dictam,
878 2825 941 2879 quae

13 2888 108 2960 nempe
123 2885 251 2941 excludit
265 2884 446 2950 anxietatem,
461 2897 490 2940 et
504 2884 741 2960 perturbationem
753 2887 847 2956 animi,
862 2906 942 2962 repe·

14 2967 133 3041 riturqne
147 2985 185 3022 ex
199 2966 364 3040 quibusdam
380 2965 466 3040 signis
480 2978 509 3021 et
523 2965 643 3022 indiciis.

49 3048 188 3111 Quaenam
203 3055 269 3104 ‘sunt
283 3047 333 3104 illa
346 3047 424 3122 signa
438 3059 467 3104 et
481 3046 606 3104 indicia?

49 3129 103 3186 111.
125 3129 164 3186 ll.
197 3127 270 3188 Sunt
294 3127 554 3204 multipliciaque
578 3128 676 3186 reduci
701 3142 819 3206 possunt
842 3129 878 3187 ad
899 3149 942 3187 se·

31 3210 130 3268 nentia.

16 3227 30 3284 q
56 3293 88 3349 1⁰.
111 3291 255 3365 Frequens
278 3302 308 3348 et
334 3291 424 3348 libens
451 3289 585 3366 cogitatio
607 3292 643 3350 de
671 3292 745 3358 Deo,
763 3290 846 3368 juxta
873 3291 942 3351 illud

18 3369 114 3430 Christi
126 3371 214 3430 Matt.
232 3391 301 3448 cap.
316 3374 345 3428 6.
365 3371 401 3430 V.
417 3373 465 3430 21.
487 3371 573 3432 “Ubi
588 3385 631 3430 ost
644 3372 790 3432 thesaurus
805 3387 879 3445 tuus,
904 3375 944 3436 ibi

18 3457 81 3514 l‘est
93 3467 123 3512 et
137 3473 186 3512 cor
201 3452 309 3513 tuum-’⁹

55 3537 89 3592 2⁰.
116 3535 145 3594 Si
172 3535 234 3610 qua
257 3534 376 3592 libenter
390 3533 521 3610 loquatur
538 3546 568 3592 et
581 3535 676 3596 aorliat
690 3533 767 3612 loqui
782 3537 817 3594 de
833 3538 898 3596 Deo
912 3558 945 3596 ac

20 3614 90 3690 nltu
111 3617 218 3685 divino,
239 3616 393 3673 secundum
416 3615 488 3672 illud
508 3616 590 3675 Joan.
615 3637 675 3694 cap.
689 3620 718 3675 8.
741 3617 776 3676 V.
791 3621 839 3676 dl.
861 3621 945 3684 “Qui

20 3699 79 3760 l‘ex
94 3699 159 3758 Deo
174 3711 227 3767 est,
241 3699 327 3756 verbo
340 3697 398 3754 Dei
412 3697 516 3754 audit.”

21 3811 24 3842 r
56 3781 93 3836 8⁰.
115 3780 303 3839 Observantia
317 3779 510 3850 mandatorum
526 3779 592 3848 Dei,
609 3780 720 3840 dicente
735 3780 849 3846 Christo
863 3782 946 3840 Joon.

22 3872 74 3940 flu.
92 3863 137 3920 14.
158 3861 195 3920 V.
210 3864 259 3920 21.
281 3861 369 3924 “Qui
391 3859 476 3922 hahet
500 3861 631 3922 mandatu
653 3882 716 3924 ntea
740 3878 768 3922 et
790 3875 881 3922 serrat
904 3881 946 3934 eo,

23 3941 94 4022 l‘illo
109 3955 162 4020 eat,
177 3943 227 4021 qui
241 3942 333 4020 diligit
347 3941 419 4016 ure?
