2240 4060
165 99 226 160 tat
538 122 729 166 reserares

204 263 242 324 R.
257 263 332 330 Quia
345 263 373 324 in
382 265 462 326 arto
476 265 612 346 injustitia
625 267 783 328 evidentius
795 277 881 346 patet.

206 345 282 410 Quid
304 347 357 404 sibi
381 349 478 408 volunt
504 349 565 410 boec
592 351 676 410 verba
701 350 783 408 Prov.
810 369 871 426 cap.
899 351 952 406 20.
986 343 1032 403 V.
1068 345 1109 402 10.

166 431 184 460 “
200 427 312 485 Pondus
327 441 356 486 at
376 430 494 506 pondus,
509 451 638 492 mensura
651 445 681 490 at
691 433 842 489 'mensurat
861 443 1029 504 utrumque
1045 426 1109 484 abo·

166 515 184 542 “
199 509 330 568 minabils
344 524 388 568 est
401 513 477 588 opud
491 513 585 572 Deum
595 513 626 574 ?”

206 590 243 648 R.
256 591 315 658 Qui
329 593 417 650 utitur
440 594 495 654 alio
516 597 638 672 pondere
660 605 690 654 et
712 613 843 652 mensura
857 593 968 650 minore
984 591 1020 648 in
1039 608 1110 646 ven·

165 672 257 730 dendo
271 685 301 731 et
314 674 369 732 alio
382 673 487 752 majore
507 676 537 734 in
557 677 685 742 emendo,
708 675 775 733 facit
793 695 852 732 rem
876 670 1112 732 abominabilem

164 755 239 830 apud
248 755 352 825 Deum,
362 768 422 814 tum
436 759 479 816 ob
487 758 583 824 dolum
597 771 626 818 et
637 757 799 816 continuum
811 755 947 833 peccandi
958 755 1111 820 animum,

165 847 225 894 turn
239 837 315 912 qnbd
326 857 377 915 per
389 837 473 898 talem
488 837 651 917 injustitiam
666 839 787 902 humana
800 837 918 896 societas
928 834 1112 898 destruitur.

164 1077 202 1141 N.
217 1079 267 1138 93.
306 1080 364 1140 DE
386 1081 564 1154 OCTAVO,
586 1082 713 1154 NONO,
735 1082 789 1142 ET
802 1079 973 1142 DECIMO
991 1077 1111 1139 PRAE·

188 1167 190 1182 '
436 1164 570 1224 CEPTO
591 1165 818 1266 DECALOGI.

163 1322 189 1382 I.
211 1323 354 1384 &tutum
372 1337 548 1404 preceptum
588 1328 629 1386 11.
648 1325 788 1388 Protttet
798 1326 909 1402 jttdicii
929 1333 959 1384 et
984 1325 1110 1400 linqua

198 1416 325 1484 peccato.
365 1408 423 1466 111.
443 1406 562 1468 Nonum
577 1419 753 1489 praeceptum
793 1407 846 1468 lv.
869 1405 1012 1466 Prohibet
1028 1425 1109 1483 pec·

169 1555 174 1562 .
203 1497 270 1546 coto
283 1490 397 1548 iuterna
410 1481 525 1552 camis!
557 1492 593 1549 V.
609 1493 759 1552 Decimum
772 1489 1107 1570 citutcffactumfitrti.

203 1568 257 1628 VI.
276 1568 329 1628 Ae
340 1573 420 1648 quod
427 1581 601 1650 preceptum
611 1575 754 1650 pertineat
766 1572 892 1632 ebrinus.

203 1731 420 1795 QUODNAM
435 1746 479 1793 est
492 1747 622 1796 octavam
635 1736 832 1814 praeceptum?

198 1813 228 1870 l.
252 1813 290 1872 R.
313 1815 408 1874 “Non
430 1817 553 1894 loqueris
576 1829 674 1878 contra
699 1819 859 1896 proximum
880 1827 963 1874 tuum
989 1815 1106 1874 falsum

163 1895 413 1956 “·tastimonium.’'

168 2042 172 2052 ¹
200 1967 279 2044 Quid
293 1979 342 2036 illo
357 1979 503 2057 Praecepto
516 1977 703 2058 prohibetur?

200 2057 241 2116 ΙΙ.
256 2059 292 2118 R.
308 2061 420 2120 Falsum
442 2062 632 2122 testimonium
656 2074 686 2122 et
708 2061 798 2120 omuis
819 2059 962 2138 perversio
984 2059 1107 2137 publici

155 2137 265 2216 judicii,
290 2162 373 2201 omne
398 2145 575 2202 mendacium
599 2157 628 2203 et
651 2144 736 2204 animi
759 2142 917 2222 duplicitas,
938 2141 1106 2211 calumnia,

154 2219 294 2297 jpdicinm
306 2225 494 2295 temerarium,
509 2227 561 2287 &a

201 2301 311 2364 Reduci
325 2306 380 2366 buc
393 2320 510 2384 possunt
524 2318 639 2385 peccato
652 2307 764 2384 linguas,
776 2306 868 2382 qualis
878 2316 943 2364 sunt
953 2303 1105 2374 adulatio,

158 2383 304 2456 detractio,
336 2389 503 2459 convicium,
538 2389 699 2459 susurratio,
727 2390 779 2448 tte.
809 2387 921 2448 mmetd
954 2386 1104 2464 pleraque

158 2463 257 2526 borum
271 2471 307 2528 ad
321 2471 398 2529 aliud
412 2472 589 2548 Praeceptum
603 2471 700 2530 reduci
714 2471 830 2548 possint.
946 2541 954 2551 ¹

198 2547 365 2627 Pracipitnr
378 2551 432 2612 hoc
447 2554 593 2632 Praecepto
607 2553 742 2614 veracitas
756 2565 786 2612 et
799 2552 891 2612 cordis
912 2548 1103 2629 simplicitas.

198 2631 324 2707 Assigna
337 2655 441 2692 nouum
454 2635 657 2712 Praeceptum?

198 2711 254 2770 Ill.
269 2713 305 2774 R.
328 2722 346 2749 “
356 2716 422 2774 Non
435 2717 616 2792 concupisces
630 2735 746 2797 uxorem
760 2715 882 2794 proximi
895 2712 965 2774 tui.”

165 2847 169 2854 .
198 2793 276 2857 Quid
291 2796 340 2854 illo
354 2797 539 2875 prohibetur?

198 2875 251 2934 IV.
266 2877 303 2935 R.
319 2879 411 2937 Omne
425 2892 572 2956 peccatum
587 2879 727 2938 internum
742 2890 841 2938 contra
863 2877 1040 2944 castitatem,
1067 2889 1101 2934 ut

156 2958 374 3030 mutuatantes,
389 2961 568 3030 desiderium,
589 2961 741 3020 delectatio
760 2979 888 3018 morosas
909 2959 988 3034 quod
1014 2959 1099 3016 enim

157 3051 238 3098 sexto
253 3040 399 3120 Praecepto
413 3042 575 3121 prohibetur
589 3043 618 3100 in
643 3062 736 3120 opere,
759 3042 831 3100 illud
854 3040 900 3100 blc
917 3038 1117 3117 prohibetur,

157 3121 187 3178 in
207 3121 319 3180 affectu.

198 3203 234 3260 V.
246 3203 337 3262 Simili
349 3207 432 3264 modo
440 3206 581 3282 decimum
593 3205 787 3282 Praeceptum:
799 3209 816 3238 ‘⁴
828 3205 893 3263 Non
903 3203 1098 3280 concupisces

158 3288 176 3316 “
189 3284 314 3354 domum,
338 3289 389 3346 &a
402 3288 530 3366 proximi
552 3286 621 3352 tni,'’
645 3287 842 3364 correspondet
865 3287 987 3362 septimo
1012 3285 1098 3344 Prae-

156 3380 249 3442 cepto,
263 3380 292 3426 et
306 3387 369 3444 quse
384 3389 468 3446 opera
481 3369 540 3428 illic
554 3367 743 3446 probibentur,
769 3368 931 3432 eorumdem
952 3365 1001 3424 bic
1025 3386 1096 3443 pro·
1115 3419 1116 3424 ,

156 3440 268 3506 bibetur
287 3449 414 3511 affectus.
1115 3453 1116 3472 ¹

139 3539 141 3544 '
197 3527 290 3590 Quare
318 3551 373 3588 non
401 3544 542 3608 ponuntur
574 3542 717 3608 praecepta
750 3530 882 3608 specialia
907 3527 1097 3607 prohibentia

156 3609 409 3683 concupiscentiam
424 3611 568 3670 homicidii
578 3625 607 3670 et
616 3613 677 3670 falsi
689 3612 850 3682 testimonii,
859 3611 932 3668 sicut
941 3623 1097 3687 ponuntur
1109 3643 1115 3686 l

156 3686 331 3760 prohibentia
343 3693 595 3770 concupiscentiam
611 3693 703 3751 carnis
718 3706 747 3752 et
760 3713 853 3752 remm
863 3691 1095 3768 temporalium?

19 3754 93 3794 ⁸
198 3767 235 3824 R.
246 3769 320 3831 Quia
331 3772 481 3830 delectatio
492 3774 581 3831 carnis
591 3786 619 3832 et
630 3775 735 3833 utilitas
746 3774 903 3832 divitiarum
919 3785 986 3830 sunt
997 3773 1096 3846 magis
1114 3775 1115 3843 s

170 3847 321 3922 pperibilss
335 3865 363 3910 et
378 3852 483 3912 bomini
496 3855 574 3930 quasi
588 3855 736 3928 naturales,
757 3875 813 3933 quo
827 3855 869 3928 fit,
891 3866 925 3914 ut
945 3853 964 3912 a
987 3853 1095 3912 multis
