2224 4050
155 117 198 176 to
524 131 715 176 rnacraros

198 275 277 344 Quid
290 274 449 354 significant
467 277 612 356 particula
626 289 793 356 soquentes:
813 275 1002 340 “Creatorom
1024 279 1091 338 coeli

157 364 177 395 “
190 373 220 418 et
233 371 317 418 torrae
326 357 360 418 ?”

195 441 250 510 VI.
266 440 303 500 R.
316 439 489 518 Significant,
503 440 579 516 qnhd
590 441 671 499 Deus
682 461 717 498 ex
728 439 816 498 nihilo
830 441 930 500 ooelurn
943 453 971 501 ot
985 455 1089 500 terrum

156 535 186 582 et
200 522 302 590 omnia,
316 539 381 598 quat
390 521 419 577 in
430 521 471 578 eis
484 534 558 592 sunt,
568 522 742 580 condiderit:
756 523 851 598 itaque
862 523 975 583 nomina
984 524 1049 582 curli
1059 537 1092 582 et

116 603 121 606 ’
155 617 238 663 tarrae
260 601 535 680 comprehendantur
550 603 664 681 Angeli,
685 603 786 675 sidera,
810 617 839 663 et
861 615 963 664 outora
980 605 1088 675 omnia,

156 705 220 763 quae
234 704 291 742 non
310 695 376 742 sunt
390 684 480 742 Deus.

197 769 271 833 Qua
285 764 382 823 mundi
396 765 565 824 creationem
577 778 758 837 concamnnt,
769 766 834 824 vida
845 766 947 825 iterum
960 766 990 826 in
999 766 1090 826 Trac-

156 861 219 907 tatn
240 853 259 882 **
269 847 307 906 ds
320 845 411 906 Doo.'’

157 1091 195 1151 N.
216 1094 266 1150 27.
306 1089 563 1151 EXPLICATIO
584 1090 768 1152 SECUNDI
790 1089 1011 1162 ARTlcUL1;
1034 1090 1092 1150 ET

172 1177 175 1186 '
328 1247 330 1258 1
394 1173 441 1232 IN
460 1172 599 1233 JESUM
620 1173 851 1233 CHRISTUM.

156 1327 180 1393 Ῑ.
193 1333 247 1395 Et.
287 1334 329 1395 ΙΙ.
343 1333 393 1395 In.
434 1334 492 1394 111.
505 1333 615 1396 Jesurrt
656 1333 709 1394 IV.
725 1333 880 1395 Christum.
921 1331 958 1393 V.
972 1331 1090 1395 Filiam

305 1417 368 1496 pus
379 1419 505 1476 arritum.
546 1417 603 1474 Vl.
622 1415 785 1476 Dominum
799 1426 937 1475 uostmm.

173 1595 176 1604 ’
196 1577 302 1644 QUID
315 1599 386 1675 prop
367 1579 447 1658 ponit
460 1579 600 1638 secundas
614 1577 749 1637 articulos
764 1577 915 1656 Synhali?
945 1625 947 1630 .

196 1659 234 1719 R.
255 1659 376 1719 Fidam
367 1680 397 1718 1n
411 1661 563 1719 secundam
577 1660 767 1720 Sanctissimae
781 1659 925 1789 Trinitatis
939 1675 1090 1738 porsonam

154 1759 206 1819 pro
219 1741 321 1799 nohis
312 1749 493 1812 moamatarn,
508 1742 625 1813 seilicet,

72 1869 74 1876 .
195 1823 221 1881 Ι.
241 1822 414 1882 Particula‘
416 1822 491 1882 ‘''Et
504 1824 608 1904 repetit
621 1824 777 1882 verbum“
792 1821 913 1882 Crodo.''

193 1903 234 1962 11.
248 1903 424 1978 Particula“
434 1904 480 1962 in”
493 1917 526 1963 nt
539 1924 632 1983 supra,
647 1903 763 1964 denotat
776 1903 950 1963 divinitatem
967 1900 1086 1975 Christi,

155 1983 294 2064 illumque
308 2005 369 2044 esse
383 1985 469 2045 finem
481 2001 608 2045 nostram
621 1986 764 2045 nltimam.

174 2067 274 2133 ³Quid
287 2067 426 2144 significat
439 2068 597 2126 venerabile
610 2088 713 2126 nomen
734 2066 889 2128 “”Jesnsi

174 2148 251 2207 ΙΙΙΙ.
272 2148 310 2206 R.
331 2148 478 2226 signifieat
497 2150 583 2220 idern,
608 2150 684 2225 qnod
699 2149 835 2219 Salvator,
858 2159 958 2226 estque
981 2167 1087 2206 noman

152 2229 305 2370 proprium
321 2231 454 2289 seenndae
468 2230 521 2290 SS.
536 2229 682 2290 Trinitatis
705 2249 841 2308 personis,
865 2249 929 2307 qnae
949 2229 1033 2288 Dens
1057 2242 1089 2288 ot

171 2326 239 2370 omo
253 2321 296 2370 est

170 2393 297 2487 Quare,
319 2394 386 2451 dum
400 2393 513 2452 andrtnr
525 2411 630 2452 nomon
650 2392 790 2464 “‚Jasus''
812 2391 933 2471 spaohlo
955 2409 1088 2450 tensen-

152 2473 201 2532 tiae
214 2473 325 2552 signnm
340 2475 522 2545 ostendimus,
536 2475 648 2533 nonsit
661 2475 757 2534 audito
770 2475 826 2532 alio
840 2475 898 2533 Dei
912 2473 1046 2532 nomino.
1040 2473 1050 2516 l

193 2555 232 2613 R.
253 2555 328 2621 Quia
341 2555 423 2614 Deus
437 2517 522 2615 Patri
543 2543 702 2632 specialiter
720 2555 792 2614 illud
804 2573 907 2614 nomon
929 2554 1085 2613 exaltatum

152 2634 273 2706 voluit,
264 2655 294 2694 tn
307 2657 367 2713 quo
378 2637 466 2695 Filius
480 2657 511 2696 so
524 2635 682 2696 humiliavit
691 2638 830 2714 usquatd
843 2647 972 2706 mortam,
983 2655 1085 2694 socun-

152 2717 220 2775 dhm
242 2719 319 2794 qnod
336 2715 466 2776 declarat
487 2719 644 2796 Apostolus
667 2720 704 2777 od
718 2717 841 2796 Philipp.
863 2737 924 2795 oap.
948 2717 977 2774 2.
998 2716 1038 2774 V.
1056 2717 1084 2773 9.

153 2803 172 2832 “
187 2799 312 2857 Donavit
339 2799 382 2857 illi
409 2819 521 2870 nomen,
550 2801 627 2877 qnod
653 2812 696 2858 est
723 2819 807 2877 snper
829 2805 919 2856 'omno
946 2796 1084 2865 nomen;’'

151 2878 188 2938 V.
205 2880 252 2939 10.
274 2886 292 2916 **
305 2893 338 2939 ut
359 2881 389 2938 in
413 2881 527 2940 nomino
539 2881 611 2940 Josu
635 2901 717 2940 omno
731 2901 806 2958 gano
827 2881 957 2939 flectatur
976 2879 1101 2946 Culus-2

152 2966 170 2996 “
184 2961 265 3031 tium,
281 2961 467 3021 Terrestrinm
482 2975 512 3020 et
525 2963 729 3021 Iniornornrn.”

192 3043 271 3102 Hinc
292 3044 340 3121 pia
353 3044 404 3102 illa
416 3055 446 3102 et
464 3044 613 3102 laudabilis
634 3043 817 3114 oonsuotndo,
840 3061 944 3100 noman
966 3041 1081 3100 illudio
1099 3085 1100 3090 1

149 3124 351 3183 tentationibus
359 3137 389 3184 et
396 3125 630 3195 tribulationibus
636 3145 670 3184 ao
677 3126 832 3202 prasertim
840 3125 869 3182 in
879 3123 998 3182 artionlo
1006 3142 1080 3180 rnor-

149 3206 188 3264 tis
211 3206 419 3284 pronuntiandi,
443 3207 480 3265 ad
500 3206 696 3265 debellandum
721 3208 887 3278 damonem,
911 3205 957 3265 otri
978 3223 1080 3263 nornen

150 3287 222 3346 illud
234 3287 368 3346 terribile.

191 3368 270 3432 Quid
283 3368 421 3446 significat
434 3388 537 3427 nomon
558 3323 757 3429 “Christaw

190 3449 245 3508 IV.
266 3450 305 3508 R.
325 3450 427 3508 Latini
440 3450 608 3527 significat‘
611 3449 791 3520 ‘Unctumi’
804 3463 849 3508 ast
868 3467 972 3507 nomen
994 3447 1099 3524 officiii

81 3573 85 3582 .
149 3529 322 3599 othonoris;
315 3531 403 3590 ·olim
417 3532 491 3590 enim
506 3532 682 3608 ungebantur·
697 3495 871 3600 Saooidotos,
886 3529 1035 3608 Prophatoe
1049 3542 1099 3586 et.

149 3611 262 3689 Rogas:
277 3575 449 3688 sighilitotnr
462 3631 538 3690 erpo,
554 3611 697 3672 Christum
711 3633 774 3672 osse
785 3613 932 3673 Summum
944 3611 1078 3672 Socordo·

147 3704 216 3764 tom,
231 3693 401 3771 Prophotarn
416 3707 445 3754 et
459 3695 579 3772 Regem.

166 3735 239 3835 'dib
252 3773 307 3834 hot
330 3776 451 3846 nomino,
475 3797 526 3835 nos
550 3789 683 3859 tanquam
704 3775 845 3857 Discipuli
869 3786 898 3836 ot
919 3774 1075 3836 imitatores

150 3852 256 3917 Christi
271 3857 390 3918 dicimur
403 3855 563 3920 Christiani.
