2230 4050
164 145 201 204 16
255 115 259 126 ’
532 160 722 210 reserares

202 303 457 368 QUOTUPLEX
471 319 514 373 est
528 304 668 382 objectum
683 304 774 372 fidel?

202 387 227 444 I.
249 386 286 443 R.
308 386 361 444 Est
375 387 488 463 duplex,
504 388 646 446 materiale
660 387 776 456 scilieet,
790 397 820 446 et
833 384 959 448 formale.

203 467 281 541 Quid
300 479 344 526 est
363 466 503 545 objectum
525 469 668 535 materiale
690 469 764 536 fidei,
787 469 845 528 aive
860 467 990 544 quidnam
1006 465 1089 526 debe-

163 568 226 606 mus
240 549 375 606 eredere?
491 567 495 578 ’
973 573 975 577 ·

203 629 244 688 11.
265 629 303 688 R.
325 627 504 700 Sunt'omnie
517 631 574 701 ille,
590 650 652 706 quae
667 631 747 694 Deus
761 630 840 692 noble
853 628 995 690 revelavit.

203 711 368 788 Quutuplex
382 711 562 790 distinguitur
575 712 715 788 objectum
730 712 872 773 materiale
885 711 977 770 fidei?

203 793 259 852 Ill.
281 794 318 851 R.
347 793 472 870 Duplex,
501 795 632 858 nimirum
654 794 825 870 ptenarium,
852 813 902 856 seu
928 791 1091 868 principale,

163 876 239 951 quod
253 889 296 932 est
310 875 400 941 Deus,
421 886 450 934 et
465 876 558 934 omnia
577 895 640 951 quae
654 876 682 935 iu
697 877 761 944 Deo
782 875 862 938 nobie
882 887 948 934 aaut
960 873 1091 940 revelata,

161 968 194 1030 ut
208 969 274 1014 sunt
287 956 381 1014 (livine
393 957 545 1024 attributs;
564 970 593 1016 et
607 957 809 1025 secundarium,
829 957 905 1032 quod
918 955 1092 1017 comtituunt

163 1049 265 1096 caetera
293 1038 386 1110 omnia
409 1036 425 1096 l
449 1039 514 1098 Deo
538 1039 618 1098 nobis
641 1040 771 1108 revelate,
795 1049 828 1098 ut
848 1050 914 1098 sunt
934 1035 1092 1104 humanitas

163 1117 277 1192 Christi,
294 1120 479 1188 Sacramenta,
495 1121 546 1178 &e

203 1201 256 1258 IV.
283 1201 360 1261 Nota
385 1221 436 1278 pro
463 1202 550 1278 proxi,
580 1202 654 1277 quod
681 1201 711 1261 in
739 1199 923 1265 catechismis
950 1197 1095 1276 obieetum

162 1283 306 1358 materiale
325 1283 485 1358 designetur
497 1304 548 1360 pur
561 1283 724 1360 porticulum
745 1289 762 1318 “
774 1281 866 1360 qurid‚'’
890 1283 957 1346 dum
977 1281 1096 1357 petitur,-

163 1365 231 1440 quid
246 1365 358 1436 eredere
381 1366 551 1434 debeamus3
571 1378 603 1430 et
623 1365 763 1440 objectum
784 1363 902 1426 formate
920 1362 1094 1442 exprimatur

161 1447 213 1524 per
225 1447 390 1524 particulam
412 1445 516 1514 “oue”
537 1448 603 1507 dum
619 1446 760 1522 quaeritur,
781 1465 832 1506 cur
855 1466 906 1508 seu
926 1464 1011 1520 quere
1030 1464 1093 1504 ere·

161 1529 228 1586 ‹lere
242 1529 412 1599 debeamus:
430 1529 555 1604 adeoque
569 1529 605 1600 ad
619 1529 737 1603 primunr
751 1527 915 1604 petitionem
929 1527 1093 1602 responderi
1107 1597 1108 1602 η

161 1611 246 1682 debet
259 1609 424 1685 assignando
438 1607 578 1684 objectum
593 1609 672 1676 Fidei
686 1610 838 1678 materiale,
859 1611 895 1672 ad
909 1608 1093 1685 posteriorem

161 1691 328 1767 assignando
350 1689 491 1768 objectum
513 1692 646 1759 formalem
679 1692 714 1751 de
739 1711 795 1766 quo
817 1691 918 1754 ultimo
942 1689 1108 1764 diligenter,

163 1793 228 1830 suos
242 1773 378 1830 insumere
392 1773 476 1842 debet
492 1773 641 1843 Peroehus,
655 1793 693 1836 ne
706 1773 768 1840 leco
781 1773 849 1836 fidei
869 1771 979 1842 dirue,
994 1769 1108 1832 humet

160 1873 226 1912 nam
240 1852 368 1912 habeant.
1107 1885 1108 1928 p

202 1935 252 2002 An
265 1956 307 2006 ea,
322 1955 386 2012 quae
398 1936 526 2014 privatim
538 1936 621 2002 alicui
634 1936 800 2006 revelentur,
815 1956 841 1994 v.
854 1956 882 2012 g.
893 1953 958 2010 que.
967 1933 1094 1998 revelem
1107 1977 1108 2034 p

162 2018 294 2088 dicuntur
309 2017 338 2076 S.
354 2018 491 2098 Brigittae,
506 2030 571 2079 sunt
585 2015 725 2093 objectum
738 2017 881 2081 materiale
895 2015 985 2080 fidei?

203 2100 240 2158 V.
263 2099 300 2157 R.
323 2099 366 2158 Ea
380 2113 496 2176 possunt
510 2095 571 2158 esse
586 2098 726 2176 objectum
740 2099 815 2166 fidei:
830 2094 958 2175 respectu
979 2096 1108 2172 illorum,

163 2181 264 2258 quibus
277 2181 410 2248 revelatio
424 2183 500 2243 faeta
521 2193 573 2252 est,
595 2181 618 2238 ui
632 2181 741 2242 seilicet
762 2181 855 2242 divine
876 2179 1011 2246 revelatio
1026 2178 1096 2240 setis

162 2264 204 2331 eis
218 2263 301 2331 fuerit
315 2261 499 2330 manifestata.
1107 2273 1108 2276 ’

203 2344 257 2401 vl.
278 2344 331 2401 Ille
344 2356 437 2401 temen
451 2364 507 2400 non
529 2344 668 2422 pertinent
689 2345 725 2402 ed
746 2344 831 2401 fidem
853 2341 1042 2410 Catholioam,
1065 2351 1108 2434 ιιι1

163 2446 260 2483 omnes
273 2425 467 2482 universaliter
480 2427 535 2482 ede
556 2419 649 2482 divini
663 2445 696 2484 ee
718 2427 831 2482 credere
850 2425 969 2482 debeant
980 2447 995 2502 ;Ι
1008 2435 1108 2520 atquep

162 2507 217 2564 hoe
230 2507 311 2564 ideo:
327 2507 392 2582 quia
406 2507 450 2563 vel
463 2526 519 2563 non
534 2507 662 2564 omnibus
676 2506 846 2564 sufficienter
859 2517 976 2572 constat,
986 2523 1024 2562 an
1039 2504 1097 2560 illae

161 2588 345 2645 revelationes
373 2588 584 2664 particularibus
611 2589 703 2656 feotae,
737 2587 792 2656 sint
824 2587 934 2656 divinar,
966 2587 1108 2672 adeoquep

163 2669 329 2726 sufficientia
343 2669 535 2726 credibilitatis
549 2669 653 2726 motiva
667 2690 723 2726 non
736 2671 853 2726 adsunt:
872 2669 917 2725 vel
932 2668 998 2742 quia
1013 2667 1099 2725 Deus

164 2770 198 2812 ea
209 2769 266 2812 non
279 2770 330 2827 pro
345 2751 472 2812 omuibus
487 2751 619 2814 revelavit
633 2763 665 2808 ut
678 2751 744 2810 teliu
758 2771 808 2827 per
822 2750 978 2810 Eeelesiam
992 2747 1108 2832 propo-p

163 2833 264 2900 nenda,
288 2851 351 2888 nam
376 2846 408 2888 ut
433 2832 501 2889 dicit
517 2832 545 2890 S.
568 2831 670 2894 Thom.
693 2851 719 2908 q.
745 2834 772 2888 5.
793 2845 844 2888 ert.
867 2833 895 2887 3.
909 2831 938 2886 in
960 2829 1108 2916 “Corpl'p

119 2973 122 2988 Δ
164 2920 182 2947 “
195 2912 346 2989 Objeotum
360 2912 425 2970 fidei
439 2925 482 2970 est
496 2913 598 2971 veritas
611 2913 709 2990 prima,
731 2914 884 2970 seeundum
907 2911 983 2987 quod
1005 2911 1108 2994 mani-p

162 3001 181 3028 “
196 2996 314 3052 testetur·
327 2994 354 3050 in
371 2993 520 3070 Scripturis
534 3005 563 3051 et
584 2994 709 3051 doctrine
724 2993 889 3051 Ecslesiae.''
945 3015 948 3022 ·
1107 3035 1108 3082 p

204 3075 274 3134 VII.
305 3075 447 3135 Caetenlm
472 3075 586 3152 privatis
614 3075 829 3134 revelationibus
856 3094 911 3131 uon
940 3086 984 3130 est
1013 3074 1108 3162 facilep

163 3157 316 3226 fidendum,
330 3169 390 3213 tum
405 3156 470 3230 quia
489 3176 564 3232 saepe
578 3157 688 3214 incortae
712 3170 786 3224 sunt,
807 3158 868 3215 tum
892 3155 957 3230 quia
972 3155 1108 3244 Spiritusp

162 3240 298 3316 probandi
322 3250 397 3304 sunt,
419 3237 511 3294 utrium
535 3257 571 3295 ex
586 3237 650 3294 Deo
673 3238 736 3305 sint,
760 3252 788 3295 et
806 3237 932 3314 Angelus
946 3250 1054 3298 setenae
1070 3257 1108 3324 sep

163 3341 219 3378 non
243 3320 418 3394 transfiguret
442 3319 470 3374 in
488 3319 628 3394 Angelum
654 3318 744 3376 lueis:
764 3317 818 3376 hoo
839 3319 992 3395 presertim
1017 3325 1108 3375 notet

163 3401 355 3461 confessarius
370 3399 603 3468 muliercularum,
625 3421 661 3458 ne
675 3398 760 3458 nimii
782 3393 955 3478 indulgentie
979 3401 1101 3458 confun-

164 3484 232 3540 dant
245 3481 354 3548 somnia
366 3501 431 3538 eum
445 3481 545 3538 divinis
559 3482 782 3540 revelationibus.
959 3486 962 3494 ’
1107 3473 1108 3506 i

204 3563 330 3620 Maxime
339 3575 432 3620 autem
442 3575 580 3638 suspeotae
590 3583 651 3620 esse
663 3564 764 3620 dehent
774 3564 890 3640 privatae
900 3561 1100 3626 revelationes,

164 3646 230 3702 dum
246 3642 262 3699 i
276 3641 403 3700 doctrina
419 3643 563 3710 Ecclesiae,
579 3643 623 3700 vel
637 3663 722 3700 sensu
736 3643 876 3702 communi
897 3642 1026 3700 fidelium
1044 3644 1102 3700 ‹lis-

164 3734 297 3800 erepent:
318 3723 369 3779 sed
396 3724 463 3798 quid
491 3725 558 3780 dum
586 3726 621 3782 de
649 3725 749 3782 eodem
775 3725 887 3802 objecto
914 3725 1102 3800 proferuntur

164 3803 347 3864 revelationes
362 3804 519 3879 opposite?

112 3907 114 3916 ·
206 3885 290 3944 VllI.
312 3885 349 3942 R.
370 3884 404 3944 Id
418 3903 473 3942 uon
488 3903 598 3962 semper
612 3905 673 3944 esse
687 3887 816 3950 salsitatis
830 3885 977 3960 indicium,
997 3887 1102 3968 praeci·
