2248 4070
399 53 412 110 p
518 61 520 68 .

162 143 223 202 292
492 155 684 201 nnsornrns
723 135 733 178 Γ

164 305 312 366 collective
335 303 440 382 sumpti
464 303 521 362 sint
545 303 717 382 Respublica
738 314 787 362 aut
811 297 938 368 Senatus.
965 288 1107 379 equidem

163 387 268 464 singuli
281 386 456 444 distributive
470 399 536 443 sunt
550 385 727 463 Reipublicae
741 397 790 444 sut
804 386 922 446 Senatui
940 383 1099 452 inferiores,

164 467 252 545 ique
265 467 381 545 proinde
396 465 458 543 cogi
473 479 599 544 possunt.

160 591 163 598 ·
206 551 286 608 Idem
298 559 343 606 est
356 549 393 606 de
403 548 579 625 Legislutore
593 547 726 624 singulari
736 527 859 624 quidem,
868 549 918 606 sed
932 561 1030 608 tamen
1045 563 1101 602 non

164 630 304 700 absoluto,
318 649 369 688 seu
383 630 432 706 qni
452 629 578 706 agnoscit
594 629 782 708 Superiorem,
805 643 839 687 ut
862 644 928 690 sunt
942 627 1103 692 Genernlss

164 712 303 771 Ordinuin
321 712 537 789 Religiosorum,
554 712 623 769 Dux
639 711 822 779 Venetorum,
837 711 891 770 dec.

235 874 274 933 N.
290 877 338 934 80.
381 873 439 933 DE
462 873 655 934 CLERICIS
676 873 777 932 LEGl
799 871 1029 934 SUBJECTIS.

167 1037 335 1098 Letum
357 1035 479 1096 subsunt
500 1035 607 1112 lepidus
634 1033 781 1106 Ecclesia,
823 1035 864 1096 ll.
893 1033 938 1096 Et
959 1033 1085 1093 ciuili
1074 1051 1104 1090 ιπ

207 1119 330 1181 materia
343 1137 484 1176 commum
479 1119 597 1196 quoad
608 1078 799 1176 directionem.
840 1119 897 1178 III.
917 1118 957 1177 In
977 1117 1103 1174 materia

163 1231 167 1238 ·
207 1209 337 1276 sumpto
351 1199 432 1257 nullo
446 1199 667 1258 modombsunt.
707 1197 760 1257 IV.
781 1199 924 1278 Reliqiosi
937 1198 1104 1277 coemptiin

207 1281 308 1340 multis
320 1280 441 1350 subsunt
453 1280 610 1359 Episcopo.

208 1444 270 1504 AN
284 1443 388 1503 Clerici
402 1441 587 1520 subjiciuntur
600 1442 709 1519 legibus
723 1440 877 1502 humanis?

165 1537 170 1546 “
208 1526 233 1586 I.
243 1526 280 1584 R.
296 1525 421 1584 Clericus
436 1525 544 1601 legibus
559 1523 766 1582 Ecclesiasticis
780 1526 856 1602 ipsos
870 1521 1105 1584 concernentibus

169 1605 278 1684 subjici,
293 1618 350 1664 tem
365 1607 457 1681 quoad
472 1606 705 1682 simeonctivsm,
720 1605 803 1682 qudrn
819 1607 912 1686 quood
927 1604 1104 1672 direntium,

165 1701 249 1748 'extre
263 1689 478 1746 controversiam
493 1699 544 1745 est.

210 1770 310 1845 Itaque
324 1768 370 1826 hic
383 1769 537 1846 praesertim
546 1767 694 1845 qnaeritnr,
708 1787 744 1826 sn
768 1779 798 1826 et
822 1787 967 1846 quousque
989 1765 1107 1845 subjici·

171 1865 253 1909 antur
266 1851 375 1928 iegibus
389 1851 541 1908 civilibus?

165 1945 170 1970 ³
212 1933 253 1991 11.
278 1933 314 1990 ll.
339 1931 464 2008 Legibus
486 1932 624 2001 civilibus,
644 1951 707 2007 quse
728 1951 785 1989 non
807 1933 989 1990 adversantur
1012 1927 1107 1988 Ststui

172 2013 303 2086 Clericsli
318 2014 362 2071 vel
378 2013 551 2072 Immunituti
577 2013 793 2082 Ecclesiastico,
820 2013 923 2074 Clerici
946 2011 1108 2088 obligentur

165 2095 302 2172 *quood
276 2115 333 2151 vnn
344 2095 520 2154 directivsm:
532 2095 573 2153 sic
583 2107 714 2153 tenentur
723 2115 833 2153 serrare
841 2096 963 2153 valorem
973 2104 1108 2160 monetes,

171 2197 229 2234 non
242 2176 341 2234 efferre
354 2197 439 2254 grana
453 2190 533 2234 extro
544 2177 672 2252 patriam,
687 2197 711 2232 ur
702 2177 754 2234 id
766 2175 955 2253 prohibentur,
973 2174 1109 2234 incedere

82 2279 84 2292 ¹
172 2259 282 2336 vesperi
306 2277 371 2316 cum
385 2258 499 2328 lumine,
524 2258 549 2316 si
572 2259 603 2316 id
626 2257 804 2336 precipiatur
827 2257 845 2317 ia
869 2257 932 2335 lege
954 2255 1031 2315 civili
1055 2252 1110 2314 toti

173 2339 376 2399 communitati.

215 2421 390 2486 Quietumen
397 2421 480 2498 J'uxta
491 2421 575 2498 cepit.
586 2422 632 2478 10.
638 2420 854 2478 Eccrnsrnlib.
868 2421 892 2476 l.
896 2419 1015 2479 Decret.
1024 2416 1111 2476 titss.

88 2571 90 2576 ¹
172 2503 300 2561 Laicus'
292 2523 320 2559 m
334 2523 466 2579 personas
478 2502 765 2562 Clericorumnnllam
778 2501 1001 2580 jurisdictionem
1013 2498 1109 2565 habet,

173 2583 241 2642 hinc
256 2584 360 2643 Sueten
374 2595 403 2642 et
426 2585 520 2661 plures
536 2583 697 2642 Canonistae
720 2585 831 2652 docent,
848 2583 973 2642 Clericus
997 2580 1109 2639 tuntum

173 2666 312 2722 indirecte
326 2665 440 2741 obligari
455 2667 511 2723 illis
525 2665 643 2741 legibus,
666 2678 750 2764 prout
764 2665 851 2722 Num.
875 2663 1048 2742 praecedent.
1075 2661 1110 2717 de

174 2745 352 2822 Legisletore
361 2748 472 2804 dictum
488 2761 548 2813 est;
566 2748 702 2841 quatenus
715 2766 816 2842 nempe
830 2747 857 2803 in
872 2746 932 2824 pari
946 2763 1030 2803 causa
1044 2761 1110 2818 pers

175 2829 277 2886 debeat
291 2848 321 2885 se
335 2829 508 2886 conformare
529 2829 585 2885 toti
609 2828 811 2894 communitati,
837 2841 866 2886 et
890 2828 956 2903 quis
976 2823 1111 2888 canones

174 2909 352 2989 praecipiunt,
365 2922 401 2966 ut
415 2910 518 2968 Clerici
532 2908 669 2985 ejusmodi
684 2911 760 2986 leges
774 2910 930 2966 observent.

216 2991 273 3050 Ill.
288 2991 319 3050 si
333 2991 399 3048 verb
413 2992 489 3067 leges
504 2991 601 3049 civiles
625 2992 805 3050 adversentur
826 2988 995 3047 immunitati
1018 2987 1110 3047 Cleri·

176 3091 283 3142 corum,
297 3091 347 3130 seu
361 3073 385 3129 si
400 3074 455 3130 sint
469 3073 496 3129 in
513 3072 636 3140 materia,
638 3072 675 3129 in
685 3092 740 3148 qus
751 3072 854 3131 Clerici
865 3084 931 3129 sunt
941 3069 958 3127 is
967 3081 1110 3147 potestate

176 3153 304 3212 saeculari
319 3155 451 3230 exempti,
466 3155 568 3212 talibus
581 3154 684 3212 Clerici
694 3173 747 3212 nec
761 3153 891 3229 quoad
866 3173 920 3209 vnn
934 3149 1110 3216 directivam,

174 3255 228 3294 nec
243 3236 333 3310 quoad
349 3236 502 3293 coactivam
517 3247 656 3293 tenentur.
699 3235 783 3293 Ratio
798 3247 849 3303 est,
868 3234 943 3310 quod
959 3231 1067 3292 Clerici
1082 3231 1111 3288 in

175 3317 227 3375 toli
240 3317 359 3374 materia
371 3316 450 3373 nullo
465 3317 549 3374 modo
563 3317 618 3374 sint
632 3317 764 3393 potestati
779 3315 906 3374 saeculari
917 3312 1056 3390 subjecti:
1071 3311 1112 3370 sio

174 3417 231 3455 non
246 3409 359 3455 tenetur
373 3398 500 3456 Clericus
514 3399 550 3455 ud
565 3397 757 3464 excubiensi
772 3398 884 3456 servitia
898 3395 1038 3464 militaria,
1058 3395 1110 3452 &c

216 3479 290 3542 Quae
303 3479 341 3535 sit
355 3479 472 3536 muteris
486 3479 668 3536 immunitatis
684 3479 900 3546 Ecclesiasticus,
916 3493 944 3535 ot
961 3495 1111 3552 quousque

175 3558 223 3616 hic
247 3560 420 3628 observetur,
444 3561 508 3617 vide
530 3561 652 3618 breviter
675 3560 705 3617 in
729 3562 853 3619 'fruct‘
855 3561 907 3618 ‘de
934 3555 1112 3635 Religione,”

174 3639 262 3696 Num.
281 3641 346 3696 196.
361 3654 390 3697 et
404 3642 596 3736 sequentibus..

170 3763 172 3768 ,
216 3719 269 3776 IV.
284 3719 421 3796 Religiosi
435 3723 559 3798 exempti
573 3723 613 3779 sic
628 3721 696 3779 dicti
698 3723 808 3798 ,qudd
801 3743 828 3780 ru
838 3718 1113 3798 aliquibusexempti

175 3813 241 3857 sunt
255 3819 272 3857 u
257 3797 475 3894 jurisdictione
488 3803 700 3880 Episcopomm‚
715 3817 745 3860 et
758 3805 920 3861 immediate
937 3802 1003 3861 Serli
1016 3809 1113 3876 Apos-

174 3880 271 3940 tolicae
292 3879 419 3958 subjecti,
444 3883 512 3942 licet
535 3903 591 3942 non
619 3883 800 3962 subjiciantur
822 3883 994 3964 Episcopo'
986 3903 1022 3940 m
1041 3881 1112 3958 illis,
