<?xml version="1.0" encoding="UTF-8"?>
<!DOCTYPE html PUBLIC "-//W3C//DTD XHTML 1.0 Transitional//EN"
    "http://www.w3.org/TR/xhtml1/DTD/xhtml1-transitional.dtd">
<html xmlns="http://www.w3.org/1999/xhtml" xml:lang="en" lang="en">
 <head>
  <title>
</title>
<meta http-equiv="Content-Type" content="text/html;charset=utf-8" />
  <meta name='ocr-system' content='tesseract 3.04.00' />
  <meta name='ocr-capabilities' content='ocr_page ocr_carea ocr_par ocr_line ocrx_word'/>
</head>
<body>
  <div class='ocr_page' id='page_1' title='image "./theologiamorali03densgoog_0262.png"; bbox 0 0 2226 4064; ppageno 0'>
   <div class='ocr_carea' id='block_1_1' title="bbox 365 99 972 162">
    <p class='ocr_par' dir='ltr' id='par_1_1' title="bbox 365 99 972 162">
     <span class='ocr_line' id='line_1_1' title="bbox 365 99 972 162; baseline -0.007 -2"><span class='ocrx_word' id='word_1_1' title='bbox 365 117 407 160; x_wconf 84' lang='lat' dir='ltr'><strong>nu</strong></span> <span class='ocrx_word' id='word_1_2' title='bbox 429 117 574 162; x_wconf 77' lang='lat' dir='ltr'><strong>suerrus.</strong></span> <span class='ocrx_word' id='word_1_3' title='bbox 874 99 933 162; x_wconf 73' lang='lat'><strong>5253</strong></span> <span class='ocrx_word' id='word_1_4' title='bbox 970 151 972 156; x_wconf 90' lang='lat'><em>.</em></span> 
     </span>
    </p>
   </div>
   <div class='ocr_carea' id='block_1_2' title="bbox 12 263 1007 3840">
    <p class='ocr_par' dir='ltr' id='par_1_2' title="bbox 18 263 1007 486">
     <span class='ocr_line' id='line_1_2' title="bbox 18 263 1007 348; baseline 0 -26"><span class='ocrx_word' id='word_1_5' title='bbox 18 285 61 348; x_wconf 76' lang='lat' dir='ltr'><strong>per</strong></span> <span class='ocrx_word' id='word_1_6' title='bbox 72 263 327 342; x_wconf 73' lang='lat' dir='ltr'><strong>promulgationem.</strong></span> <span class='ocrx_word' id='word_1_7' title='bbox 361 265 441 328; x_wconf 87' lang='lat' dir='ltr'><strong>Hinc</strong></span> <span class='ocrx_word' id='word_1_8' title='bbox 454 263 517 342; x_wconf 83' lang='lat' dir='ltr'><strong>q&#39;uis</strong></span> <span class='ocrx_word' id='word_1_9' title='bbox 531 264 622 323; x_wconf 86' lang='lat' dir='ltr'><strong>sciens</strong></span> <span class='ocrx_word' id='word_1_10' title='bbox 633 263 724 340; x_wconf 83' lang='lat' dir='ltr'><strong>legem</strong></span> <span class='ocrx_word' id='word_1_11' title='bbox 740 282 802 322; x_wconf 87' lang='lat' dir='ltr'><strong>esse</strong></span> <span class='ocrx_word' id='word_1_12' title='bbox 818 283 937 342; x_wconf 86' lang='lat' dir='ltr'><strong>concep·</strong></span> <span class='ocrx_word' id='word_1_13' title='bbox 1005 322 1007 338; x_wconf 61' lang='grc'><strong>,</strong></span> 
     </span>
     <span class='ocr_line' id='line_1_3' title="bbox 18 347 937 426; baseline -0.002 -20"><span class='ocrx_word' id='word_1_14' title='bbox 18 363 75 415; x_wconf 81' lang='lat' dir='ltr'><strong>tem,</strong></span> <span class='ocrx_word' id='word_1_15' title='bbox 89 365 149 422; x_wconf 82' lang='lat' dir='ltr'><strong>qum</strong></span> <span class='ocrx_word' id='word_1_16' title='bbox 163 359 257 405; x_wconf 83' lang='lat' dir='ltr'><strong>tamen</strong></span> <span class='ocrx_word' id='word_1_17' title='bbox 270 347 395 405; x_wconf 90' lang='lat' dir='ltr'><strong>noudum</strong></span> <span class='ocrx_word' id='word_1_18' title='bbox 408 347 585 426; x_wconf 83' lang='lat' dir='ltr'><strong>promulgata</strong></span> <span class='ocrx_word' id='word_1_19' title='bbox 598 357 651 418; x_wconf 86' lang='lat' dir='ltr'><strong>est,</strong></span> <span class='ocrx_word' id='word_1_20' title='bbox 666 365 723 404; x_wconf 89' lang='lat' dir='ltr'><strong>uon</strong></span> <span class='ocrx_word' id='word_1_21' title='bbox 738 358 850 404; x_wconf 87' lang='lat' dir='ltr'><strong>tenetur·</strong></span> <span class='ocrx_word' id='word_1_22' title='bbox 875 365 937 404; x_wconf 86' lang='lat' dir='ltr'><strong>eam</strong></span> 
     </span>
     <span class='ocr_line' id='line_1_4' title="bbox 18 431 159 486; baseline 0 0"><span class='ocrx_word' id='word_1_23' title='bbox 18 431 159 486; x_wconf 77' lang='lat' dir='ltr'><strong>observare.</strong></span> 
     </span>
    </p>

    <p class='ocr_par' dir='ltr' id='par_1_3' title="bbox 53 509 652 586">
     <span class='ocr_line' id='line_1_5' title="bbox 53 509 652 586; baseline 0 -20"><span class='ocrx_word' id='word_1_24' title='bbox 53 513 95 566; x_wconf 85' lang='lat' dir='ltr'><strong>Au</strong></span> <span class='ocrx_word' id='word_1_25' title='bbox 109 509 295 586; x_wconf 74' lang='lat' dir='ltr'><strong>promulgatio</strong></span> <span class='ocrx_word' id='word_1_26' title='bbox 309 521 352 566; x_wconf 87' lang='lat' dir='ltr'><strong>est</strong></span> <span class='ocrx_word' id='word_1_27' title='bbox 366 509 402 568; x_wconf 90' lang='lat' dir='ltr'><strong>de</strong></span> <span class='ocrx_word' id='word_1_28' title='bbox 416 509 536 568; x_wconf 77' lang='lat' dir='ltr'>essentia</span> <span class='ocrx_word' id='word_1_29' title='bbox 556 509 652 584; x_wconf 87' lang='lat' dir='ltr'><strong>legis?</strong></span> 
     </span>
    </p>

    <p class='ocr_par' dir='ltr' id='par_1_4' title="bbox 16 589 985 1234">
     <span class='ocr_line' id='line_1_6' title="bbox 50 589 936 666; baseline 0.001 -18"><span class='ocrx_word' id='word_1_30' title='bbox 50 589 100 648; x_wconf 88' lang='lat'><em>111.</em></span> <span class='ocrx_word' id='word_1_31' title='bbox 111 589 149 648; x_wconf 79' lang='lat' dir='ltr'><strong>R.</strong></span> <span class='ocrx_word' id='word_1_32' title='bbox 159 590 189 648; x_wconf 87' lang='lat' dir='ltr'><strong>Si</strong></span> <span class='ocrx_word' id='word_1_33' title='bbox 204 591 249 652; x_wconf 84' lang='lat' dir='ltr'><strong>lex</strong></span> <span class='ocrx_word' id='word_1_34' title='bbox 264 591 456 650; x_wconf 78' lang='lat' dir='ltr'><strong>consideretur</strong></span> <span class='ocrx_word' id='word_1_35' title='bbox 468 591 497 647; x_wconf 89' lang='lat' dir='ltr'><strong>iu</strong></span> <span class='ocrx_word' id='word_1_36' title='bbox 509 602 573 648; x_wconf 88' lang='lat' dir='ltr'><strong>actu</strong></span> <span class='ocrx_word' id='word_1_37' title='bbox 582 590 673 666; x_wconf 88' lang='lat' dir='ltr'><strong>primo</strong></span> <span class='ocrx_word' id='word_1_38' title='bbox 684 609 733 648; x_wconf 88' lang='lat' dir='ltr'><strong>seu</strong></span> <span class='ocrx_word' id='word_1_39' title='bbox 744 591 936 661; x_wconf 80' lang='lat' dir='ltr'><strong>materialiter,</strong></span> 
     </span>
     <span class='ocr_line' id='line_1_7' title="bbox 18 669 936 749; baseline 0.003 -21"><span class='ocrx_word' id='word_1_40' title='bbox 18 669 140 748; x_wconf 83' lang='lat' dir='ltr'><strong>quaternis</strong></span> <span class='ocrx_word' id='word_1_41' title='bbox 155 684 199 730; x_wconf 90' lang='lat' dir='ltr'><strong>est</strong></span> <span class='ocrx_word' id='word_1_42' title='bbox 212 672 309 748; x_wconf 87' lang='lat' dir='ltr'><strong>regula</strong></span> <span class='ocrx_word' id='word_1_43' title='bbox 329 684 395 748; x_wconf 88' lang='lat' dir='ltr'><strong>apta</strong></span> <span class='ocrx_word' id='word_1_44' title='bbox 416 673 452 730; x_wconf 87' lang='lat' dir='ltr'><strong>ud</strong></span> <span class='ocrx_word' id='word_1_45' title='bbox 475 672 651 747; x_wconf 83' lang='lat' dir='ltr'><strong>dirigendum</strong></span> <span class='ocrx_word' id='word_1_46' title='bbox 676 671 720 728; x_wconf 86' lang='lat' dir='ltr'><strong>vel</strong></span> <span class='ocrx_word' id='word_1_47' title='bbox 746 673 936 749; x_wconf 88' lang='lat' dir='ltr'><strong>obligandum,</strong></span> 
     </span>
     <span class='ocr_line' id='line_1_8' title="bbox 16 753 936 830; baseline 0.002 -20"><span class='ocrx_word' id='word_1_48' title='bbox 16 755 49 810; x_wconf 88' lang='lat' dir='ltr'><strong>sic</strong></span> <span class='ocrx_word' id='word_1_49' title='bbox 61 753 244 828; x_wconf 82' lang='lat' dir='ltr'><strong>promulgatio</strong></span> <span class='ocrx_word' id='word_1_50' title='bbox 257 773 313 813; x_wconf 85' lang='lat' dir='ltr'><strong>uon</strong></span> <span class='ocrx_word' id='word_1_51' title='bbox 327 765 372 812; x_wconf 86' lang='lat' dir='ltr'><strong>est</strong></span> <span class='ocrx_word' id='word_1_52' title='bbox 386 754 421 812; x_wconf 88' lang='lat' dir='ltr'><strong>ds</strong></span> <span class='ocrx_word' id='word_1_53' title='bbox 436 753 496 830; x_wconf 81' lang='lat' dir='ltr'><strong>ejus</strong></span> <span class='ocrx_word' id='word_1_54' title='bbox 510 753 650 812; x_wconf 77' lang='lat' dir='ltr'><strong>essentia:</strong></span> <span class='ocrx_word' id='word_1_55' title='bbox 671 754 847 812; x_wconf 87' lang='lat' dir='ltr'><strong>considerata</strong></span> <span class='ocrx_word' id='word_1_56' title='bbox 871 775 936 812; x_wconf 89' lang='lat' dir='ltr'><strong>vero</strong></span> 
     </span>
     <span class='ocr_line' id='line_1_9' title="bbox 16 835 936 912; baseline 0 -20"><span class='ocrx_word' id='word_1_57' title='bbox 16 835 39 892; x_wconf 85' lang='lat' dir='ltr'><strong>iu</strong></span> <span class='ocrx_word' id='word_1_58' title='bbox 51 845 111 890; x_wconf 88' lang='lat' dir='ltr'><strong>actu</strong></span> <span class='ocrx_word' id='word_1_59' title='bbox 123 835 249 892; x_wconf 85' lang='lat' dir='ltr'><strong>seeundo</strong></span> <span class='ocrx_word' id='word_1_60' title='bbox 262 847 292 894; x_wconf 89' lang='lat' dir='ltr'><strong>et</strong></span> <span class='ocrx_word' id='word_1_61' title='bbox 306 835 467 903; x_wconf 80' lang='lat' dir='ltr'><strong>formaliter,</strong></span> <span class='ocrx_word' id='word_1_62' title='bbox 491 847 576 912; x_wconf 89' lang='lat' dir='ltr'><strong>prout</strong></span> <span class='ocrx_word' id='word_1_63' title='bbox 600 835 636 892; x_wconf 91' lang='lat' dir='ltr'><strong>de</strong></span> <span class='ocrx_word' id='word_1_64' title='bbox 656 835 730 891; x_wconf 85' lang='lat' dir='ltr'><strong>facto</strong></span> <span class='ocrx_word' id='word_1_65' title='bbox 754 835 869 910; x_wconf 83' lang='lat' dir='ltr'><strong>obligat,</strong></span> <span class='ocrx_word' id='word_1_66' title='bbox 895 837 936 892; x_wconf 87' lang='lat' dir='ltr'><strong>sic</strong></span> 
     </span>
     <span class='ocr_line' id='line_1_10' title="bbox 16 912 936 992; baseline 0 -20"><span class='ocrx_word' id='word_1_67' title='bbox 16 914 190 992; x_wconf 78' lang='lat' dir='ltr'><strong>promulgatio</strong></span> <span class='ocrx_word' id='word_1_68' title='bbox 212 917 366 974; x_wconf 66' lang='lat' dir='ltr'><strong>secundem</strong></span> <span class='ocrx_word' id='word_1_69' title='bbox 387 917 492 974; x_wconf 85' lang='lat' dir='ltr'><strong>multos</strong></span> <span class='ocrx_word' id='word_1_70' title='bbox 514 928 559 974; x_wconf 89' lang='lat' dir='ltr'><strong>est</strong></span> <span class='ocrx_word' id='word_1_71' title='bbox 583 912 619 973; x_wconf 91' lang='lat' dir='ltr'><strong>de</strong></span> <span class='ocrx_word' id='word_1_72' title='bbox 643 915 703 992; x_wconf 90' lang='lat' dir='ltr'><strong>ejus</strong></span> <span class='ocrx_word' id='word_1_73' title='bbox 727 917 866 974; x_wconf 86' lang='lat' dir='ltr'><strong>essentie:</strong></span> <span class='ocrx_word' id='word_1_74' title='bbox 888 917 936 974; x_wconf 86' lang='lat' dir='ltr'><strong>alii</strong></span> 
     </span>
     <span class='ocr_line' id='line_1_11' title="bbox 16 996 985 1074; baseline 0 -20"><span class='ocrx_word' id='word_1_75' title='bbox 16 1013 96 1054; x_wconf 86' lang='lat' dir='ltr'><strong>tamen</strong></span> <span class='ocrx_word' id='word_1_76' title='bbox 109 996 317 1064; x_wconf 70' lang='lat' dir='ltr'><strong>voluptatium</strong></span> <span class='ocrx_word' id='word_1_77' title='bbox 330 997 371 1056; x_wconf 87' lang='lat' dir='ltr'><strong>sio</strong></span> <span class='ocrx_word' id='word_1_78' title='bbox 391 997 643 1074; x_wconf 80' lang='lat' dir='ltr'><strong>promulgationem</strong></span> <span class='ocrx_word' id='word_1_79' title='bbox 666 997 778 1074; x_wconf 77' lang='lat' dir='ltr'><strong>proprie</strong></span> <span class='ocrx_word' id='word_1_80' title='bbox 796 1017 852 1054; x_wconf 89' lang='lat' dir='ltr'><strong>nou</strong></span> <span class='ocrx_word' id='word_1_81' title='bbox 875 1017 935 1056; x_wconf 88' lang='lat' dir='ltr'><strong>esse</strong></span> <span class='ocrx_word' id='word_1_82' title='bbox 979 1031 985 1039; x_wconf 94' lang='lat'>·</span> 
     </span>
     <span class='ocr_line' id='line_1_12' title="bbox 16 1077 937 1155; baseline 0 -19"><span class='ocrx_word' id='word_1_83' title='bbox 16 1079 44 1136; x_wconf 87' lang='lat' dir='ltr'><strong>de</strong></span> <span class='ocrx_word' id='word_1_84' title='bbox 64 1077 184 1136; x_wconf 83' lang='lat' dir='ltr'><strong>essentia</strong></span> <span class='ocrx_word' id='word_1_85' title='bbox 204 1078 284 1154; x_wconf 86' lang='lat' dir='ltr'><strong>legis,</strong></span> <span class='ocrx_word' id='word_1_86' title='bbox 308 1080 359 1138; x_wconf 90' lang='lat' dir='ltr'><strong>sed</strong></span> <span class='ocrx_word' id='word_1_87' title='bbox 380 1080 488 1138; x_wconf 83' lang='lat' dir='ltr'><strong>tentiam</strong></span> <span class='ocrx_word' id='word_1_88' title='bbox 509 1077 699 1138; x_wconf 84' lang='lat' dir='ltr'><strong>conditionem</strong></span> <span class='ocrx_word' id='word_1_89' title='bbox 723 1079 784 1137; x_wconf 84' lang='lat' dir='ltr'><strong>siue</strong></span> <span class='ocrx_word' id='word_1_90' title='bbox 804 1099 860 1155; x_wconf 89' lang='lat' dir='ltr'><strong>qua</strong></span> <span class='ocrx_word' id='word_1_91' title='bbox 879 1098 937 1136; x_wconf 89' lang='lat' dir='ltr'><strong>nou</strong></span> 
     </span>
     <span class='ocr_line' id='line_1_13' title="bbox 16 1159 177 1234; baseline -0.012 -16"><span class='ocrx_word' id='word_1_92' title='bbox 16 1159 105 1234; x_wconf 86' lang='lat' dir='ltr'><strong>obligat</strong></span> <span class='ocrx_word' id='word_1_93' title='bbox 119 1159 177 1216; x_wconf 85' lang='lat' dir='ltr'><strong>lex.</strong></span> 
     </span>
    </p>

    <p class='ocr_par' dir='ltr' id='par_1_5' title="bbox 17 1239 935 1398">
     <span class='ocr_line' id='line_1_14' title="bbox 43 1239 935 1318; baseline 0 -20"><span class='ocrx_word' id='word_1_94' title='bbox 43 1239 170 1304; x_wconf 76' lang='lat' dir='ltr'><strong>Quaestio</strong></span> <span class='ocrx_word' id='word_1_95' title='bbox 181 1239 231 1300; x_wconf 89' lang='lat' dir='ltr'><strong>illa</strong></span> <span class='ocrx_word' id='word_1_96' title='bbox 239 1241 414 1300; x_wconf 69' lang='lat' dir='ltr'><strong>mereoritur</strong></span> <span class='ocrx_word' id='word_1_97' title='bbox 421 1261 459 1302; x_wconf 86' lang='lat' dir='ltr'><strong>ex</strong></span> <span class='ocrx_word' id='word_1_98' title='bbox 471 1242 580 1300; x_wconf 85' lang='lat' dir='ltr'><strong>diversa</strong></span> <span class='ocrx_word' id='word_1_99' title='bbox 588 1241 702 1300; x_wconf 86' lang='lat' dir='ltr'><strong>notione</strong></span> <span class='ocrx_word' id='word_1_100' title='bbox 713 1243 766 1300; x_wconf 86' lang='lat' dir='ltr'><strong>sab</strong></span> <span class='ocrx_word' id='word_1_101' title='bbox 777 1261 832 1318; x_wconf 90' lang='lat' dir='ltr'><strong>qua</strong></span> <span class='ocrx_word' id='word_1_102' title='bbox 843 1240 935 1318; x_wconf 84' lang='lat' dir='ltr'><strong>legem</strong></span> 
     </span>
     <span class='ocr_line' id='line_1_15' title="bbox 17 1321 869 1398; baseline 0.002 -20"><span class='ocrx_word' id='word_1_103' title='bbox 17 1321 185 1398; x_wconf 86' lang='lat' dir='ltr'><strong>concipimus.</strong></span> <span class='ocrx_word' id='word_1_104' title='bbox 863 1339 869 1352; x_wconf 78' lang='lat'><strong><em>‘</em></strong></span> 
     </span>
    </p>

    <p class='ocr_par' dir='ltr' id='par_1_6' title="bbox 17 1403 935 1544">
     <span class='ocr_line' id='line_1_16' title="bbox 47 1403 935 1482; baseline 0.003 -23"><span class='ocrx_word' id='word_1_105' title='bbox 47 1403 228 1467; x_wconf 84' lang='lat' dir='ltr'><strong>Quandonam</strong></span> <span class='ocrx_word' id='word_1_106' title='bbox 252 1415 282 1464; x_wconf 88' lang='lat' dir='ltr'><strong>et</strong></span> <span class='ocrx_word' id='word_1_107' title='bbox 308 1405 450 1481; x_wconf 87' lang='lat' dir='ltr'><strong>quomodo</strong></span> <span class='ocrx_word' id='word_1_108' title='bbox 477 1403 670 1482; x_wconf 87' lang='lat' dir='ltr'><strong>promulgatur</strong></span> <span class='ocrx_word' id='word_1_109' title='bbox 697 1403 744 1462; x_wconf 85' lang='lat' dir='ltr'><strong>lex</strong></span> <span class='ocrx_word' id='word_1_110' title='bbox 771 1416 877 1462; x_wconf 77' lang='lat' dir='ltr'><strong>aterna</strong></span> <span class='ocrx_word' id='word_1_111' title='bbox 906 1417 935 1462; x_wconf 90' lang='lat' dir='ltr'><strong>et</strong></span> 
     </span>
     <span class='ocr_line' id='line_1_17' title="bbox 17 1484 159 1544; baseline 0 0"><span class='ocrx_word' id='word_1_112' title='bbox 17 1484 159 1544; x_wconf 84' lang='lat' dir='ltr'><strong>naturalis?</strong></span> 
     </span>
    </p>

    <p class='ocr_par' dir='ltr' id='par_1_7' title="bbox 12 1565 935 1869">
     <span class='ocr_line' id='line_1_18' title="bbox 47 1565 935 1644; baseline -0.001 -20"><span class='ocrx_word' id='word_1_113' title='bbox 47 1566 92 1624; x_wconf 92' lang='lat' dir='ltr'><strong>1v.</strong></span> <span class='ocrx_word' id='word_1_114' title='bbox 107 1565 145 1624; x_wconf 84' lang='lat' dir='ltr'><strong>R.</strong></span> <span class='ocrx_word' id='word_1_115' title='bbox 161 1565 359 1644; x_wconf 74' lang='lat' dir='ltr'><strong>promulgatur</strong></span> <span class='ocrx_word' id='word_1_116' title='bbox 372 1567 472 1626; x_wconf 87' lang='lat' dir='ltr'><strong>eodem</strong></span> <span class='ocrx_word' id='word_1_117' title='bbox 481 1566 609 1634; x_wconf 83' lang='lat' dir='ltr'><strong>instanti,</strong></span> <span class='ocrx_word' id='word_1_118' title='bbox 625 1587 680 1642; x_wconf 92' lang='lat' dir='ltr'><strong>quo</strong></span> <span class='ocrx_word' id='word_1_119' title='bbox 700 1577 829 1626; x_wconf 84' lang='lat' dir='ltr'><strong>creature</strong></span> <span class='ocrx_word' id='word_1_120' title='bbox 850 1567 935 1626; x_wconf 87' lang='lat' dir='ltr'><strong>ratio·</strong></span> 
     </span>
     <span class='ocr_line' id='line_1_19' title="bbox 17 1647 935 1725; baseline 0 -20"><span class='ocrx_word' id='word_1_121' title='bbox 17 1647 73 1705; x_wconf 82' lang='lat' dir='ltr'><strong>nulia</strong></span> <span class='ocrx_word' id='word_1_122' title='bbox 85 1659 215 1716; x_wconf 89' lang='lat' dir='ltr'><strong>creatur;</strong></span> <span class='ocrx_word' id='word_1_123' title='bbox 229 1649 295 1725; x_wconf 89' lang='lat' dir='ltr'><strong>quia</strong></span> <span class='ocrx_word' id='word_1_124' title='bbox 308 1660 376 1708; x_wconf 89' lang='lat' dir='ltr'><strong>tunc</strong></span> <span class='ocrx_word' id='word_1_125' title='bbox 383 1649 529 1706; x_wconf 86' lang='lat' dir='ltr'><strong>rectitudo</strong></span> <span class='ocrx_word' id='word_1_126' title='bbox 543 1648 686 1706; x_wconf 87' lang='lat' dir='ltr'><strong>rationalis</strong></span> <span class='ocrx_word' id='word_1_127' title='bbox 700 1649 787 1708; x_wconf 87' lang='lat' dir='ltr'><strong>menti</strong></span> <span class='ocrx_word' id='word_1_128' title='bbox 802 1648 935 1706; x_wconf 86' lang='lat' dir='ltr'><strong>uniuscu-</strong></span> 
     </span>
     <span class='ocr_line' id='line_1_20' title="bbox 12 1727 935 1807; baseline 0.002 -21"><span class='ocrx_word' id='word_1_129' title='bbox 12 1727 99 1806; x_wconf 78' lang='lat' dir='ltr'><strong>jusque</strong></span> <span class='ocrx_word' id='word_1_130' title='bbox 110 1728 293 1806; x_wconf 80' lang='lat' dir='ltr'><strong>imprimitur,</strong></span> <span class='ocrx_word' id='word_1_131' title='bbox 308 1729 365 1806; x_wconf 73' lang='lat' dir='ltr'><strong>qud</strong></span> <span class='ocrx_word' id='word_1_132' title='bbox 379 1729 520 1788; x_wconf 88' lang='lat' dir='ltr'><strong>mediante</strong></span> <span class='ocrx_word' id='word_1_133' title='bbox 533 1729 728 1807; x_wconf 84' lang='lat' dir='ltr'><strong>promulgatur</strong></span> <span class='ocrx_word' id='word_1_134' title='bbox 739 1741 770 1788; x_wconf 88' lang='lat' dir='ltr'><strong>et</strong></span> <span class='ocrx_word' id='word_1_135' title='bbox 784 1730 935 1788; x_wconf 85' lang='lat' dir='ltr'><strong>innotescit</strong></span> 
     </span>
     <span class='ocr_line' id='line_1_21' title="bbox 15 1811 737 1869; baseline 0.001 -1"><span class='ocrx_word' id='word_1_136' title='bbox 15 1811 176 1869; x_wconf 82' lang='lat' dir='ltr'><strong>lexaeterna.</strong></span> <span class='ocrx_word' id='word_1_137' title='bbox 624 1825 626 1831; x_wconf 60' lang='lat'><strong>⁴</strong></span> <span class='ocrx_word' id='word_1_138' title='bbox 728 1825 737 1837; x_wconf 70' lang='grc'><em>“</em></span> 
     </span>
    </p>

    <p class='ocr_par' dir='ltr' id='par_1_8' title="bbox 16 1891 936 2051">
     <span class='ocr_line' id='line_1_22' title="bbox 47 1891 936 1970; baseline 0.002 -22"><span class='ocrx_word' id='word_1_139' title='bbox 47 1891 119 1950; x_wconf 88' lang='lat' dir='ltr'><strong>Hinc</strong></span> <span class='ocrx_word' id='word_1_140' title='bbox 133 1891 192 1950; x_wconf 91' lang='lat' dir='ltr'><strong>dici</strong></span> <span class='ocrx_word' id='word_1_141' title='bbox 205 1903 308 1969; x_wconf 86' lang='lat' dir='ltr'><strong>potest.</strong></span> <span class='ocrx_word' id='word_1_142' title='bbox 324 1891 386 1950; x_wconf 87' lang='lat' dir='ltr'><strong>illas</strong></span> <span class='ocrx_word' id='word_1_143' title='bbox 399 1892 477 1969; x_wconf 87' lang='lat' dir='ltr'><strong>leges</strong></span> <span class='ocrx_word' id='word_1_144' title='bbox 490 1891 680 1970; x_wconf 89' lang='lat' dir='ltr'><strong>promulgatas</strong></span> <span class='ocrx_word' id='word_1_145' title='bbox 701 1911 765 1950; x_wconf 87' lang='lat' dir='ltr'><strong>esse</strong></span> <span class='ocrx_word' id='word_1_146' title='bbox 788 1893 883 1969; x_wconf 88' lang='lat' dir='ltr'><strong>pueris</strong></span> <span class='ocrx_word' id='word_1_147' title='bbox 907 1904 936 1950; x_wconf 88' lang='lat' dir='ltr'><strong>et</strong></span> 
     </span>
     <span class='ocr_line' id='line_1_23' title="bbox 16 1972 417 2051; baseline 0.002 -21"><span class='ocrx_word' id='word_1_148' title='bbox 16 1973 162 2030; x_wconf 86' lang='lat' dir='ltr'><strong>amentibus</strong></span> <span class='ocrx_word' id='word_1_149' title='bbox 176 1973 255 2051; x_wconf 86' lang='lat' dir='ltr'><strong>quasi</strong></span> <span class='ocrx_word' id='word_1_150' title='bbox 267 1973 298 2030; x_wconf 81' lang='lat' dir='ltr'><strong>&#39;in</strong></span> <span class='ocrx_word' id='word_1_151' title='bbox 311 1972 417 2032; x_wconf 84' lang='lat' dir='ltr'><strong>habitu.</strong></span> 
     </span>
    </p>

    <p class='ocr_par' dir='ltr' id='par_1_9' title="bbox 46 2053 616 2132">
     <span class='ocr_line' id='line_1_24' title="bbox 46 2053 616 2132; baseline -0.002 -20"><span class='ocrx_word' id='word_1_152' title='bbox 46 2055 194 2118; x_wconf 83' lang='lat' dir='ltr'><strong>Quomodo</strong></span> <span class='ocrx_word' id='word_1_153' title='bbox 207 2055 399 2132; x_wconf 86' lang='lat' dir='ltr'><strong>promulgatur</strong></span> <span class='ocrx_word' id='word_1_154' title='bbox 413 2055 459 2112; x_wconf 89' lang='lat' dir='ltr'><strong>lex</strong></span> <span class='ocrx_word' id='word_1_155' title='bbox 473 2053 616 2132; x_wconf 81' lang='lat' dir='ltr'><strong>positiva?</strong></span> 
     </span>
    </p>

    <p class='ocr_par' dir='ltr' id='par_1_10' title="bbox 15 2134 944 2356">
     <span class='ocr_line' id='line_1_25' title="bbox 45 2134 944 2212; baseline 0.001 -20"><span class='ocrx_word' id='word_1_156' title='bbox 45 2134 79 2193; x_wconf 87' lang='lat' dir='ltr'><strong>V.</strong></span> <span class='ocrx_word' id='word_1_157' title='bbox 93 2136 132 2194; x_wconf 88' lang='lat' dir='ltr'><strong>R.</strong></span> <span class='ocrx_word' id='word_1_158' title='bbox 147 2137 211 2194; x_wconf 88' lang='lat' dir='ltr'><strong>Lex</strong></span> <span class='ocrx_word' id='word_1_159' title='bbox 225 2135 344 2210; x_wconf 87' lang='lat' dir='ltr'><strong>positiva</strong></span> <span class='ocrx_word' id='word_1_160' title='bbox 357 2136 550 2212; x_wconf 86' lang='lat' dir='ltr'><strong>promulgatur</strong></span> <span class='ocrx_word' id='word_1_161' title='bbox 563 2147 641 2194; x_wconf 88' lang='lat' dir='ltr'><strong>certo</strong></span> <span class='ocrx_word' id='word_1_162' title='bbox 655 2136 734 2212; x_wconf 88' lang='lat' dir='ltr'><strong>signu</strong></span> <span class='ocrx_word' id='word_1_163' title='bbox 748 2147 873 2204; x_wconf 83' lang='lat' dir='ltr'><strong>externo,</strong></span> <span class='ocrx_word' id='word_1_164' title='bbox 889 2137 944 2194; x_wconf 86' lang='lat' dir='ltr'><strong>rel·</strong></span> 
     </span>
     <span class='ocr_line' id='line_1_26' title="bbox 15 2217 936 2304; baseline 0.002 -30"><span class='ocrx_word' id='word_1_165' title='bbox 15 2217 113 2294; x_wconf 86' lang='lat' dir='ltr'><strong>scripto,</strong></span> <span class='ocrx_word' id='word_1_166' title='bbox 127 2217 160 2274; x_wconf 86' lang='lat' dir='ltr'><strong>in</strong></span> <span class='ocrx_word' id='word_1_167' title='bbox 174 2230 251 2274; x_wconf 85' lang='lat' dir='ltr'><strong>certo</strong></span> <span class='ocrx_word' id='word_1_168' title='bbox 265 2217 336 2290; x_wconf 89' lang='lat' dir='ltr'><strong>loco,</strong></span> <span class='ocrx_word' id='word_1_169' title='bbox 351 2217 391 2276; x_wconf 86' lang='lat' dir='ltr'><strong>ita</strong></span> <span class='ocrx_word' id='word_1_170' title='bbox 412 2229 445 2276; x_wconf 88' lang='lat' dir='ltr'><strong>ut</strong></span> <span class='ocrx_word' id='word_1_171' title='bbox 468 2217 613 2295; x_wconf 85' lang='lat' dir='ltr'><strong>pervenire</strong></span> <span class='ocrx_word' id='word_1_172' title='bbox 636 2219 726 2295; x_wconf 82' lang='lat' dir='ltr'><strong>possit</strong></span> <span class='ocrx_word' id='word_1_173' title='bbox 747 2219 783 2276; x_wconf 87' lang='lat' dir='ltr'><strong>ad</strong></span> <span class='ocrx_word' id='word_1_174' title='bbox 806 2217 936 2304; x_wconf 79' lang='lat' dir='ltr'><strong>nptitiam</strong></span> 
     </span>
     <span class='ocr_line' id='line_1_27' title="bbox 16 2298 562 2356; baseline 0.004 0"><span class='ocrx_word' id='word_1_175' title='bbox 16 2298 220 2356; x_wconf 85' lang='lat' dir='ltr'><strong>communitatis.</strong></span> <span class='ocrx_word' id='word_1_176' title='bbox 560 2321 562 2332; x_wconf 71' lang='grc'><em>’</em></span> 
     </span>
    </p>

    <p class='ocr_par' dir='ltr' id='par_1_11' title="bbox 16 2379 935 2782">
     <span class='ocr_line' id='line_1_28' title="bbox 47 2379 935 2460; baseline -0.001 -23"><span class='ocrx_word' id='word_1_177' title='bbox 47 2379 103 2438; x_wconf 83' lang='lat' dir='ltr'><strong>Lex</strong></span> <span class='ocrx_word' id='word_1_178' title='bbox 116 2380 239 2460; x_wconf 85' lang='lat' dir='ltr'><strong>positiva</strong></span> <span class='ocrx_word' id='word_1_179' title='bbox 262 2379 355 2438; x_wconf 83' lang='lat' dir='ltr'><strong>divina</strong></span> <span class='ocrx_word' id='word_1_180' title='bbox 377 2381 543 2456; x_wconf 83' lang='lat' dir='ltr'><strong>quandoque</strong></span> <span class='ocrx_word' id='word_1_181' title='bbox 564 2380 648 2438; x_wconf 87' lang='lat' dir='ltr'><strong>etium</strong></span> <span class='ocrx_word' id='word_1_182' title='bbox 670 2380 863 2457; x_wconf 89' lang='lat' dir='ltr'><strong>promulgatur</strong></span> <span class='ocrx_word' id='word_1_183' title='bbox 885 2400 935 2456; x_wconf 83' lang='lat' dir='ltr'><strong>por</strong></span> 
     </span>
     <span class='ocr_line' id='line_1_29' title="bbox 16 2461 934 2539; baseline 0.001 -22"><span class='ocrx_word' id='word_1_184' title='bbox 16 2461 144 2520; x_wconf 86' lang='lat' dir='ltr'><strong>internam</strong></span> <span class='ocrx_word' id='word_1_185' title='bbox 167 2461 375 2534; x_wconf 81' lang='lat' dir='ltr'><strong>revelationem,</strong></span> <span class='ocrx_word' id='word_1_186' title='bbox 400 2463 544 2539; x_wconf 84' lang='lat' dir='ltr'><strong>quomodo</strong></span> <span class='ocrx_word' id='word_1_187' title='bbox 571 2463 653 2520; x_wconf 87' lang='lat' dir='ltr'><strong>Deus</strong></span> <span class='ocrx_word' id='word_1_188' title='bbox 681 2462 769 2520; x_wconf 86' lang='lat' dir='ltr'><strong>multa</strong></span> <span class='ocrx_word' id='word_1_189' title='bbox 799 2461 934 2526; x_wconf 83' lang='lat' dir='ltr'><strong>revelarit</strong></span> 
     </span>
     <span class='ocr_line' id='line_1_30' title="bbox 17 2541 873 2620; baseline 0.005 -20"><span class='ocrx_word' id='word_1_190' title='bbox 17 2541 161 2620; x_wconf 83' lang='lat' dir='ltr'><strong>Pmpbetis.</strong></span> <span class='ocrx_word' id='word_1_191' title='bbox 871 2580 873 2604; x_wconf 77' lang='lat' dir='ltr'><strong>t</strong></span> 
     </span>
     <span class='ocr_line' id='line_1_31' title="bbox 47 2623 933 2702; baseline -0.001 -21"><span class='ocrx_word' id='word_1_192' title='bbox 47 2625 90 2681; x_wconf 87' lang='lat' dir='ltr'><strong>An</strong></span> <span class='ocrx_word' id='word_1_193' title='bbox 103 2624 151 2682; x_wconf 84' lang='lat' dir='ltr'><strong>lex</strong></span> <span class='ocrx_word' id='word_1_194' title='bbox 170 2625 290 2702; x_wconf 87' lang='lat' dir='ltr'><strong>positiva</strong></span> <span class='ocrx_word' id='word_1_195' title='bbox 304 2625 388 2682; x_wconf 88' lang='lat' dir='ltr'><strong>debet</strong></span> <span class='ocrx_word' id='word_1_196' title='bbox 401 2623 517 2701; x_wconf 84' lang='lat' dir='ltr'><strong>singulis</strong></span> <span class='ocrx_word' id='word_1_197' title='bbox 529 2625 566 2682; x_wconf 92' lang='lat' dir='ltr'><strong>de</strong></span> <span class='ocrx_word' id='word_1_198' title='bbox 580 2624 780 2683; x_wconf 84' lang='lat' dir='ltr'><strong>communitate</strong></span> <span class='ocrx_word' id='word_1_199' title='bbox 793 2624 933 2694; x_wconf 81' lang='lat' dir='ltr'><strong>intimari,</strong></span> 
     </span>
     <span class='ocr_line' id='line_1_32' title="bbox 16 2704 591 2782; baseline 0.003 -20"><span class='ocrx_word' id='word_1_200' title='bbox 16 2718 41 2762; x_wconf 88' lang='lat' dir='ltr'><strong>ut</strong></span> <span class='ocrx_word' id='word_1_201' title='bbox 51 2718 195 2764; x_wconf 86' lang='lat' dir='ltr'><strong>censeatur</strong></span> <span class='ocrx_word' id='word_1_202' title='bbox 208 2704 379 2764; x_wconf 88' lang='lat' dir='ltr'><strong>sufficienter</strong></span> <span class='ocrx_word' id='word_1_203' title='bbox 391 2706 591 2782; x_wconf 82' lang='lat' dir='ltr'><strong>promulgata?</strong></span> 
     </span>
    </p>

    <p class='ocr_par' dir='ltr' id='par_1_12' title="bbox 16 2786 932 2947">
     <span class='ocr_line' id='line_1_33' title="bbox 47 2786 932 2864; baseline -0.001 -20"><span class='ocrx_word' id='word_1_204' title='bbox 47 2787 80 2844; x_wconf 90' lang='lat' dir='ltr'><strong>R.</strong></span> <span class='ocrx_word' id='word_1_205' title='bbox 93 2786 168 2864; x_wconf 90' lang='lat' dir='ltr'><strong>Neg.</strong></span> <span class='ocrx_word' id='word_1_206' title='bbox 183 2788 240 2846; x_wconf 85' lang='lat' dir='ltr'><strong>Sed</strong></span> <span class='ocrx_word' id='word_1_207' title='bbox 254 2787 366 2856; x_wconf 85' lang='lat' dir='ltr'><strong>sufficit,</strong></span> <span class='ocrx_word' id='word_1_208' title='bbox 380 2787 537 2845; x_wconf 88' lang='lat' dir='ltr'><strong>intimatam</strong></span> <span class='ocrx_word' id='word_1_209' title='bbox 552 2807 614 2846; x_wconf 84' lang='lat' dir='ltr'><strong>ease</strong></span> <span class='ocrx_word' id='word_1_210' title='bbox 627 2787 832 2859; x_wconf 84' lang='lat' dir='ltr'><strong>communitati,</strong></span> <span class='ocrx_word' id='word_1_211' title='bbox 848 2787 887 2846; x_wconf 88' lang='lat' dir='ltr'><strong>ita</strong></span> <span class='ocrx_word' id='word_1_212' title='bbox 900 2799 932 2843; x_wconf 90' lang='lat' dir='ltr'><strong>ut</strong></span> 
     </span>
     <span class='ocr_line' id='line_1_34' title="bbox 16 2866 798 2947; baseline 0.003 -23"><span class='ocrx_word' id='word_1_213' title='bbox 16 2868 106 2926; x_wconf 83' lang='lat' dir='ltr'><strong>subditi</strong></span> <span class='ocrx_word' id='word_1_214' title='bbox 121 2869 265 2926; x_wconf 89' lang='lat' dir='ltr'><strong>moraliter</strong></span> <span class='ocrx_word' id='word_1_215' title='bbox 277 2869 307 2926; x_wconf 90' lang='lat' dir='ltr'><strong>in</strong></span> <span class='ocrx_word' id='word_1_216' title='bbox 320 2866 382 2945; x_wconf 83' lang='lat' dir='ltr'><strong>ejus</strong></span> <span class='ocrx_word' id='word_1_217' title='bbox 393 2868 521 2926; x_wconf 87' lang='lat' dir='ltr'><strong>notitiam</strong></span> <span class='ocrx_word' id='word_1_218' title='bbox 536 2869 667 2926; x_wconf 77' lang='lat' dir='ltr'><strong>devenire</strong></span> <span class='ocrx_word' id='word_1_219' title='bbox 682 2869 798 2947; x_wconf 84' lang='lat' dir='ltr'><strong>possint.</strong></span> 
     </span>
    </p>

    <p class='ocr_par' dir='ltr' id='par_1_13' title="bbox 47 2949 657 3026">
     <span class='ocr_line' id='line_1_35' title="bbox 47 2949 657 3026; baseline 0.005 -20"><span class='ocrx_word' id='word_1_220' title='bbox 47 2951 171 3014; x_wconf 80' lang='lat' dir='ltr'><strong>Quonam</strong></span> <span class='ocrx_word' id='word_1_221' title='bbox 188 2951 216 3007; x_wconf 90' lang='lat' dir='ltr'><strong>in</strong></span> <span class='ocrx_word' id='word_1_222' title='bbox 230 2951 293 3008; x_wconf 91' lang='lat' dir='ltr'><strong>loco</strong></span> <span class='ocrx_word' id='word_1_223' title='bbox 307 2951 392 3008; x_wconf 88' lang='lat' dir='ltr'><strong>debet</strong></span> <span class='ocrx_word' id='word_1_224' title='bbox 405 2949 451 3008; x_wconf 86' lang='lat' dir='ltr'><strong>lex</strong></span> <span class='ocrx_word' id='word_1_225' title='bbox 465 2951 657 3026; x_wconf 83' lang='lat' dir='ltr'><strong>promulgari?</strong></span> 
     </span>
    </p>

    <p class='ocr_par' dir='ltr' id='par_1_14' title="bbox 13 3029 935 3661">
     <span class='ocr_line' id='line_1_36' title="bbox 48 3029 933 3108; baseline -0.002 -18"><span class='ocrx_word' id='word_1_226' title='bbox 48 3031 80 3090; x_wconf 68' lang='lat' dir='ltr'><strong>R.</strong></span> <span class='ocrx_word' id='word_1_227' title='bbox 96 3032 243 3096; x_wconf 73' lang='lat' dir='ltr'><strong>Quantum</strong></span> <span class='ocrx_word' id='word_1_228' title='bbox 255 3032 347 3089; x_wconf 84' lang='lat' dir='ltr'><strong>eetde</strong></span> <span class='ocrx_word' id='word_1_229' title='bbox 357 3029 421 3108; x_wconf 84' lang='lat' dir='ltr'><strong>jure</strong></span> <span class='ocrx_word' id='word_1_230' title='bbox 431 3043 538 3090; x_wconf 89' lang='lat' dir='ltr'><strong>naturae</strong></span> <span class='ocrx_word' id='word_1_231' title='bbox 546 3032 605 3089; x_wconf 87' lang='lat' dir='ltr'><strong>sive</strong></span> <span class='ocrx_word' id='word_1_232' title='bbox 615 3051 650 3090; x_wconf 84' lang='lat' dir='ltr'><strong>ex</strong></span> <span class='ocrx_word' id='word_1_233' title='bbox 660 3043 759 3090; x_wconf 87' lang='lat' dir='ltr'><strong>natura</strong></span> <span class='ocrx_word' id='word_1_234' title='bbox 769 3031 818 3099; x_wconf 85' lang='lat' dir='ltr'><strong>rei,</strong></span> <span class='ocrx_word' id='word_1_235' title='bbox 830 3031 933 3090; x_wconf 88' lang='lat' dir='ltr'><strong>sufficit</strong></span> 
     </span>
     <span class='ocr_line' id='line_1_37' title="bbox 16 3111 934 3190; baseline 0.002 -22"><span class='ocrx_word' id='word_1_236' title='bbox 16 3112 93 3189; x_wconf 82' lang='lat' dir='ltr'><strong>legem</strong></span> <span class='ocrx_word' id='word_1_237' title='bbox 116 3113 288 3190; x_wconf 86' lang='lat' dir='ltr'><strong>promulgari</strong></span> <span class='ocrx_word' id='word_1_238' title='bbox 312 3111 339 3169; x_wconf 93' lang='lat' dir='ltr'><strong>in</strong></span> <span class='ocrx_word' id='word_1_239' title='bbox 364 3112 415 3170; x_wconf 85' lang='lat' dir='ltr'><strong>tali</strong></span> <span class='ocrx_word' id='word_1_240' title='bbox 438 3113 511 3182; x_wconf 89' lang='lat' dir='ltr'><strong>loco,</strong></span> <span class='ocrx_word' id='word_1_241' title='bbox 536 3114 611 3172; x_wconf 88' lang='lat' dir='ltr'><strong>unde</strong></span> <span class='ocrx_word' id='word_1_242' title='bbox 633 3113 722 3190; x_wconf 85' lang='lat' dir='ltr'><strong>possit</strong></span> <span class='ocrx_word' id='word_1_243' title='bbox 745 3114 781 3170; x_wconf 86' lang='lat' dir='ltr'><strong>ad</strong></span> <span class='ocrx_word' id='word_1_244' title='bbox 805 3113 934 3172; x_wconf 87' lang='lat' dir='ltr'><strong>notitiam</strong></span> 
     </span>
     <span class='ocr_line' id='line_1_38' title="bbox 17 3194 933 3254; baseline 0 -4"><span class='ocrx_word' id='word_1_245' title='bbox 17 3194 210 3252; x_wconf 81' lang='lat' dir='ltr'><strong>communitatis</strong></span> <span class='ocrx_word' id='word_1_246' title='bbox 235 3194 382 3253; x_wconf 82' lang='lat' dir='ltr'><strong>devenire:</strong></span> <span class='ocrx_word' id='word_1_247' title='bbox 404 3213 440 3252; x_wconf 86' lang='lat' dir='ltr'><strong>err</strong></span> <span class='ocrx_word' id='word_1_248' title='bbox 462 3195 664 3252; x_wconf 85' lang='lat' dir='ltr'><strong>cousuetudine</strong></span> <span class='ocrx_word' id='word_1_249' title='bbox 686 3206 781 3254; x_wconf 82' lang='lat' dir='ltr'><strong>tamen</strong></span> <span class='ocrx_word' id='word_1_250' title='bbox 805 3195 852 3252; x_wconf 83' lang='lat' dir='ltr'><strong>rel</strong></span> <span class='ocrx_word' id='word_1_251' title='bbox 877 3194 933 3252; x_wconf 89' lang='lat' dir='ltr'><strong>elio</strong></span> 
     </span>
     <span class='ocr_line' id='line_1_39' title="bbox 13 3273 935 3372; baseline 0 -40"><span class='ocrx_word' id='word_1_252' title='bbox 13 3273 64 3372; x_wconf 71' lang='lat' dir='ltr'><strong>pure</strong></span> <span class='ocrx_word' id='word_1_253' title='bbox 73 3275 192 3351; x_wconf 87' lang='lat' dir='ltr'><strong>positivo</strong></span> <span class='ocrx_word' id='word_1_254' title='bbox 206 3287 255 3333; x_wconf 85' lang='lat' dir='ltr'><strong>aut</strong></span> <span class='ocrx_word' id='word_1_255' title='bbox 269 3274 384 3352; x_wconf 89' lang='lat' dir='ltr'><strong>speciali</strong></span> <span class='ocrx_word' id='word_1_256' title='bbox 395 3275 537 3334; x_wconf 83' lang='lat' dir='ltr'><strong>voluntate</strong></span> <span class='ocrx_word' id='word_1_257' title='bbox 548 3276 713 3352; x_wconf 86' lang='lat' dir='ltr'><strong>legislatoris</strong></span> <span class='ocrx_word' id='word_1_258' title='bbox 724 3275 872 3351; x_wconf 88' lang='lat' dir='ltr'><strong>aliquando</strong></span> <span class='ocrx_word' id='word_1_259' title='bbox 886 3276 935 3332; x_wconf 84' lang='lat' dir='ltr'><strong>lex</strong></span> 
     </span>
     <span class='ocr_line' id='line_1_40' title="bbox 17 3356 934 3434; baseline 0.002 -22"><span class='ocrx_word' id='word_1_260' title='bbox 17 3373 39 3412; x_wconf 84' lang='lat' dir='ltr'><strong>tn</strong></span> <span class='ocrx_word' id='word_1_261' title='bbox 48 3369 120 3414; x_wconf 86' lang='lat' dir='ltr'><strong>certo</strong></span> <span class='ocrx_word' id='word_1_262' title='bbox 129 3357 371 3434; x_wconf 87' lang='lat' dir='ltr'><strong>locopromulgari</strong></span> <span class='ocrx_word' id='word_1_263' title='bbox 382 3357 475 3426; x_wconf 88' lang='lat' dir='ltr'><strong>debet,</strong></span> <span class='ocrx_word' id='word_1_264' title='bbox 489 3370 522 3414; x_wconf 88' lang='lat' dir='ltr'><strong>ut</strong></span> <span class='ocrx_word' id='word_1_265' title='bbox 536 3357 650 3433; x_wconf 86' lang='lat' dir='ltr'><strong>obliget.</strong></span> <span class='ocrx_word' id='word_1_266' title='bbox 690 3357 736 3415; x_wconf 86' lang='lat' dir='ltr'><strong>Ita</strong></span> <span class='ocrx_word' id='word_1_267' title='bbox 748 3356 934 3433; x_wconf 66' lang='lat' dir='ltr'><strong>legesrlmpe-</strong></span> 
     </span>
     <span class='ocr_line' id='line_1_41' title="bbox 17 3437 935 3516; baseline 0 -22"><span class='ocrx_word' id='word_1_268' title='bbox 17 3438 109 3496; x_wconf 80' lang='lat' dir='ltr'><strong>ratoriae</strong></span> <span class='ocrx_word' id='word_1_269' title='bbox 123 3439 259 3516; x_wconf 89' lang='lat' dir='ltr'><strong>publicari</strong></span> <span class='ocrx_word' id='word_1_270' title='bbox 271 3439 378 3496; x_wconf 88' lang='lat' dir='ltr'><strong>debent</strong></span> <span class='ocrx_word' id='word_1_271' title='bbox 392 3439 421 3495; x_wconf 87' lang='lat' dir='ltr'><strong>iu</strong></span> <span class='ocrx_word' id='word_1_272' title='bbox 434 3437 551 3513; x_wconf 83' lang='lat' dir='ltr'><strong>singulis</strong></span> <span class='ocrx_word' id='word_1_273' title='bbox 566 3439 729 3504; x_wconf 83' lang='lat' dir='ltr'><strong>Provinciis,</strong></span> <span class='ocrx_word' id='word_1_274' title='bbox 752 3437 822 3516; x_wconf 72' lang='lat' dir='ltr'><strong>putri</strong></span> <span class='ocrx_word' id='word_1_275' title='bbox 835 3439 864 3500; x_wconf 85' lang='lat' dir='ltr'><strong>iu</strong></span> <span class='ocrx_word' id='word_1_276' title='bbox 878 3439 935 3494; x_wconf 90' lang='lat' dir='ltr'><strong>sin·</strong></span> 
     </span>
     <span class='ocr_line' id='line_1_42' title="bbox 17 3519 934 3598; baseline 0 -22"><span class='ocrx_word' id='word_1_277' title='bbox 17 3520 128 3594; x_wconf 78' lang='lat' dir='ltr'><strong>galatum</strong></span> <span class='ocrx_word' id='word_1_278' title='bbox 149 3520 314 3598; x_wconf 86' lang='lat' dir='ltr'><strong>Metropoli,</strong></span> <span class='ocrx_word' id='word_1_279' title='bbox 339 3521 381 3577; x_wconf 74' lang='lat' dir='ltr'><strong>uti</strong></span> <span class='ocrx_word' id='word_1_280' title='bbox 401 3519 561 3598; x_wconf 86' lang='lat' dir='ltr'><strong>Jurisperiti</strong></span> <span class='ocrx_word' id='word_1_281' title='bbox 583 3519 769 3581; x_wconf 87' lang='lat' dir='ltr'><strong>communiter</strong></span> <span class='ocrx_word' id='word_1_282' title='bbox 790 3521 934 3580; x_wconf 79' lang='lat' dir='ltr'><strong>deducunt</strong></span> 
     </span>
     <span class='ocr_line' id='line_1_43' title="bbox 17 3599 409 3661; baseline 0.003 -4"><span class='ocrx_word' id='word_1_283' title='bbox 17 3619 44 3657; x_wconf 81' lang='lat' dir='ltr'><strong>cr</strong></span> <span class='ocrx_word' id='word_1_284' title='bbox 57 3599 173 3660; x_wconf 86' lang='lat' dir='ltr'><strong>Novella</strong></span> <span class='ocrx_word' id='word_1_285' title='bbox 186 3604 235 3659; x_wconf 90' lang='grc'><strong>66.</strong></span> <span class='ocrx_word' id='word_1_286' title='bbox 248 3601 409 3661; x_wconf 87' lang='lat' dir='ltr'><strong>Justiuiani.</strong></span> 
     </span>
    </p>

    <p class='ocr_par' dir='ltr' id='par_1_15' title="bbox 19 3681 935 3840">
     <span class='ocr_line' id='line_1_44' title="bbox 48 3681 935 3760; baseline 0 -22"><span class='ocrx_word' id='word_1_287' title='bbox 48 3682 135 3760; x_wconf 81' lang='lat' dir='ltr'><strong>Leges</strong></span> <span class='ocrx_word' id='word_1_288' title='bbox 150 3683 262 3758; x_wconf 85' lang='lat' dir='ltr'><strong>Regum</strong></span> <span class='ocrx_word' id='word_1_289' title='bbox 277 3693 306 3740; x_wconf 87' lang='lat' dir='ltr'><strong>et</strong></span> <span class='ocrx_word' id='word_1_290' title='bbox 321 3682 492 3760; x_wconf 86' lang='lat' dir='ltr'><strong>Principum,</strong></span> <span class='ocrx_word' id='word_1_291' title='bbox 516 3683 546 3740; x_wconf 90' lang='lat' dir='ltr'><strong>in</strong></span> <span class='ocrx_word' id='word_1_292' title='bbox 570 3701 688 3759; x_wconf 88' lang='lat' dir='ltr'><strong>quorum</strong></span> <span class='ocrx_word' id='word_1_293' title='bbox 712 3681 858 3749; x_wconf 81' lang='lat' dir='ltr'><strong>territoriis</strong></span> <span class='ocrx_word' id='word_1_294' title='bbox 880 3681 935 3742; x_wconf 82' lang='lat' dir='ltr'><strong>Jua</strong></span> 
     </span>
     <span class='ocr_line' id='line_1_45' title="bbox 19 3762 934 3840; baseline -0.007 -16"><span class='ocrx_word' id='word_1_295' title='bbox 19 3762 165 3824; x_wconf 69' lang='lat' dir='ltr'><strong>Cesureum</strong></span> <span class='ocrx_word' id='word_1_296' title='bbox 180 3785 236 3822; x_wconf 87' lang='lat' dir='ltr'><strong>nou</strong></span> <span class='ocrx_word' id='word_1_297' title='bbox 251 3765 421 3833; x_wconf 83' lang='lat' dir='ltr'><strong>observatur,</strong></span> <span class='ocrx_word' id='word_1_298' title='bbox 435 3776 548 3822; x_wconf 89' lang='lat' dir='ltr'><strong>manent</strong></span> <span class='ocrx_word' id='word_1_299' title='bbox 562 3764 634 3822; x_wconf 90' lang='lat' dir='ltr'><strong>iutra</strong></span> <span class='ocrx_word' id='word_1_300' title='bbox 647 3764 782 3820; x_wconf 87' lang='lat' dir='ltr'><strong>terminos</strong></span> <span class='ocrx_word' id='word_1_301' title='bbox 803 3764 934 3840; x_wconf 75' lang='lat' dir='ltr'><strong>praefatos</strong></span> 
     </span>
    </p>
   </div>
   <div class='ocr_carea' id='block_1_3' title="bbox 14 3842 932 4006">
    <p class='ocr_par' dir='ltr' id='par_1_16' title="bbox 14 3842 932 4006">
     <span class='ocr_line' id='line_1_46' title="bbox 14 3842 932 3924; baseline -0.003 -21"><span class='ocrx_word' id='word_1_302' title='bbox 14 3842 75 3918; x_wconf 77' lang='lat' dir='ltr'><strong>juris</strong></span> <span class='ocrx_word' id='word_1_303' title='bbox 87 3857 201 3918; x_wconf 75' lang='lat' dir='ltr'><strong>natura,</strong></span> <span class='ocrx_word' id='word_1_304' title='bbox 215 3845 268 3904; x_wconf 88' lang='lat' dir='ltr'><strong>nisi</strong></span> <span class='ocrx_word' id='word_1_305' title='bbox 282 3845 448 3924; x_wconf 80' lang='lat' dir='ltr'><strong>perticulam</strong></span> <span class='ocrx_word' id='word_1_306' title='bbox 457 3845 514 3924; x_wconf 87' lang='lat' dir='ltr'><strong>jus,</strong></span> <span class='ocrx_word' id='word_1_307' title='bbox 530 3845 711 3919; x_wconf 85' lang='lat' dir='ltr'><strong>cousuetudo,</strong></span> <span class='ocrx_word' id='word_1_308' title='bbox 726 3846 778 3904; x_wconf 69' lang='lat' dir='ltr'><strong>irc.</strong></span> <span class='ocrx_word' id='word_1_309' title='bbox 803 3847 932 3904; x_wconf 87' lang='lat' dir='ltr'><strong>obstent:</strong></span> 
     </span>
     <span class='ocr_line' id='line_1_47' title="bbox 55 3925 518 4006; baseline 0 -20"><span class='ocrx_word' id='word_1_310' title='bbox 55 3925 296 4006; x_wconf 72' lang='lat' dir='ltr'><strong>Tadechr&#39;bur.</strong></span> <span class='ocrx_word' id='word_1_311' title='bbox 500 3945 518 3986; x_wconf 75' lang='lat' dir='ltr'><strong>a</strong></span> 
     </span>
    </p>
   </div>
   <div class='ocr_carea' id='block_1_4' title="bbox 0 0 1118 4064">
    <p class='ocr_par' dir='ltr' id='par_1_17' title="bbox 0 0 1118 4064">
     <span class='ocr_line' id='line_1_48' title="bbox 0 0 1118 4064; baseline 0 0"><span class='ocrx_word' id='word_1_312' title='bbox 0 0 1118 4064; x_wconf 95' lang='lat' dir='ltr'><strong> </strong></span> 
     </span>
    </p>
   </div>
  </div>
 </body>
</html>
