<?xml version="1.0" encoding="UTF-8"?>
<!DOCTYPE html PUBLIC "-//W3C//DTD XHTML 1.0 Transitional//EN"
    "http://www.w3.org/TR/xhtml1/DTD/xhtml1-transitional.dtd">
<html xmlns="http://www.w3.org/1999/xhtml" xml:lang="en" lang="en">
 <head>
  <title>
</title>
<meta http-equiv="Content-Type" content="text/html;charset=utf-8" />
  <meta name='ocr-system' content='tesseract 3.04.00' />
  <meta name='ocr-capabilities' content='ocr_page ocr_carea ocr_par ocr_line ocrx_word'/>
</head>
<body>
  <div class='ocr_page' id='page_1' title='image "./theologiamorali03densgoog_0104.png"; bbox 0 0 2188 4052; ppageno 0'>
   <div class='ocr_carea' id='block_1_1' title="bbox 326 47 936 113">
    <p class='ocr_par' dir='ltr' id='par_1_1' title="bbox 326 47 936 113">
     <span class='ocr_line' id='line_1_1' title="bbox 326 47 936 113; baseline 0.008 -11"><span class='ocrx_word' id='word_1_1' title='bbox 326 61 371 102; x_wconf 84' lang='lat' dir='ltr'><strong>ns</strong></span> <span class='ocrx_word' id='word_1_2' title='bbox 392 57 598 113; x_wconf 78' lang='lat' dir='ltr'><strong>vrarnrrsus.</strong></span> <span class='ocrx_word' id='word_1_3' title='bbox 895 47 936 108; x_wconf 74' lang='grc'><strong>95</strong></span> 
     </span>
    </p>
   </div>
   <div class='ocr_carea' id='block_1_2' title="bbox 20 203 1005 3878">
    <p class='ocr_par' dir='ltr' id='par_1_2' title="bbox 21 203 935 529">
     <span class='ocr_line' id='line_1_2' title="bbox 54 203 934 286; baseline 0.001 -16"><span class='ocrx_word' id='word_1_4' title='bbox 54 208 157 270; x_wconf 81' lang='lat' dir='ltr'><strong>Tertia:</strong></span> <span class='ocrx_word' id='word_1_5' title='bbox 172 207 242 268; x_wconf 88' lang='lat' dir='ltr'><strong>liber</strong></span> <span class='ocrx_word' id='word_1_6' title='bbox 252 205 362 282; x_wconf 84' lang='lat' dir='ltr'><strong>aliquis,</strong></span> <span class='ocrx_word' id='word_1_7' title='bbox 372 204 463 286; x_wconf 80' lang='lat' dir='ltr'><strong>qualis</strong></span> <span class='ocrx_word' id='word_1_8' title='bbox 471 205 544 268; x_wconf 77' lang='lat' dir='ltr'><strong>sorra</strong></span> <span class='ocrx_word' id='word_1_9' title='bbox 552 203 693 265; x_wconf 77' lang='lat' dir='ltr'><strong>secundus</strong></span> <span class='ocrx_word' id='word_1_10' title='bbox 703 203 934 270; x_wconf 67' lang='lat' dir='ltr'><strong>Macbsboeorsm</strong></span> 
     </span>
     <span class='ocr_line' id='line_1_3' title="bbox 21 283 935 368; baseline -0.001 -17"><span class='ocrx_word' id='word_1_11' title='bbox 21 291 124 352; x_wconf 76' lang='lat' dir='ltr'><strong>bautoni</strong></span> <span class='ocrx_word' id='word_1_12' title='bbox 136 287 281 358; x_wconf 74' lang='lat' dir='ltr'><strong>industrii,</strong></span> <span class='ocrx_word' id='word_1_13' title='bbox 304 287 365 346; x_wconf 86' lang='lat' dir='ltr'><strong>sine</strong></span> <span class='ocrx_word' id='word_1_14' title='bbox 378 286 537 346; x_wconf 67' lang='lat' dir='ltr'><strong>assistentia</strong></span> <span class='ocrx_word' id='word_1_15' title='bbox 552 283 673 362; x_wconf 83' lang='lat' dir='ltr'><strong>Spiritiss</strong></span> <span class='ocrx_word' id='word_1_16' title='bbox 695 285 792 346; x_wconf 87' lang='lat' dir='ltr'><strong>Sancti</strong></span> <span class='ocrx_word' id='word_1_17' title='bbox 805 289 935 368; x_wconf 81' lang='lat' dir='ltr'><strong>scriptus,</strong></span> 
     </span>
     <span class='ocr_line' id='line_1_4' title="bbox 21 366 935 449; baseline 0.001 -18"><span class='ocrx_word' id='word_1_18' title='bbox 21 375 40 432; x_wconf 88' lang='lat' dir='ltr'><strong>si</strong></span> <span class='ocrx_word' id='word_1_19' title='bbox 53 372 164 449; x_wconf 86' lang='lat' dir='ltr'><strong>Spiritus</strong></span> <span class='ocrx_word' id='word_1_20' title='bbox 191 370 311 430; x_wconf 87' lang='lat' dir='ltr'><strong>Sanctus</strong></span> <span class='ocrx_word' id='word_1_21' title='bbox 330 380 451 430; x_wconf 82' lang='lat' dir='ltr'><strong>testetur</strong></span> <span class='ocrx_word' id='word_1_22' title='bbox 471 379 577 446; x_wconf 87' lang='lat' dir='ltr'><strong>postea,</strong></span> <span class='ocrx_word' id='word_1_23' title='bbox 602 366 642 424; x_wconf 93' lang='lat' dir='ltr'><strong>ibi</strong></span> <span class='ocrx_word' id='word_1_24' title='bbox 654 366 725 428; x_wconf 89' lang='lat' dir='ltr'><strong>nibil</strong></span> <span class='ocrx_word' id='word_1_25' title='bbox 748 371 935 446; x_wconf 79' lang='lat' dir='ltr'><strong>esselalsrrm,</strong></span> 
     </span>
     <span class='ocr_line' id='line_1_5' title="bbox 21 449 392 529; baseline -0.011 -15"><span class='ocrx_word' id='word_1_26' title='bbox 21 454 124 514; x_wconf 82' lang='lat' dir='ltr'><strong>efficitur</strong></span> <span class='ocrx_word' id='word_1_27' title='bbox 138 451 283 529; x_wconf 86' lang='lat' dir='ltr'><strong>Scriptura</strong></span> <span class='ocrx_word' id='word_1_28' title='bbox 298 449 392 510; x_wconf 78' lang='lat' dir='ltr'><strong>Socra.</strong></span> 
     </span>
    </p>

    <p class='ocr_par' dir='ltr' id='par_1_3' title="bbox 20 529 937 758">
     <span class='ocr_line' id='line_1_6' title="bbox 52 529 936 611; baseline -0.002 -17"><span class='ocrx_word' id='word_1_29' title='bbox 52 533 112 611; x_wconf 90' lang='lat' dir='ltr'><strong>Obj.</strong></span> <span class='ocrx_word' id='word_1_30' title='bbox 124 533 149 592; x_wconf 90' lang='lat'><strong>1.</strong></span> <span class='ocrx_word' id='word_1_31' title='bbox 174 533 252 610; x_wconf 78' lang='lat' dir='ltr'><strong>Ergo</strong></span> <span class='ocrx_word' id='word_1_32' title='bbox 275 544 372 590; x_wconf 85' lang='lat' dir='ltr'><strong>nostre</strong></span> <span class='ocrx_word' id='word_1_33' title='bbox 385 531 498 608; x_wconf 76' lang='lat' dir='ltr'><strong>vulgata</strong></span> <span class='ocrx_word' id='word_1_34' title='bbox 520 547 578 586; x_wconf 90' lang='lat' dir='ltr'><strong>non</strong></span> <span class='ocrx_word' id='word_1_35' title='bbox 602 539 645 586; x_wconf 91' lang='lat' dir='ltr'><strong>sst</strong></span> <span class='ocrx_word' id='word_1_36' title='bbox 671 529 816 607; x_wconf 72' lang='lat' dir='ltr'><strong>Scriptura</strong></span> <span class='ocrx_word' id='word_1_37' title='bbox 831 531 936 594; x_wconf 71' lang='lat' dir='ltr'><strong>Sacra:</strong></span> 
     </span>
     <span class='ocr_line' id='line_1_7' title="bbox 22 608 937 692; baseline 0 -16"><span class='ocrx_word' id='word_1_38' title='bbox 22 617 148 686; x_wconf 75' lang='lat' dir='ltr'>Probatur,</span> <span class='ocrx_word' id='word_1_39' title='bbox 170 615 238 692; x_wconf 88' lang='lat' dir='ltr'><strong>quia</strong></span> <span class='ocrx_word' id='word_1_40' title='bbox 256 614 306 672; x_wconf 91' lang='lat' dir='ltr'><strong>illa</strong></span> <span class='ocrx_word' id='word_1_41' title='bbox 323 633 380 672; x_wconf 92' lang='lat' dir='ltr'><strong>non</strong></span> <span class='ocrx_word' id='word_1_42' title='bbox 394 608 588 674; x_wconf 75' lang='lat' dir='ltr'><strong>ceadictatair</strong></span> <span class='ocrx_word' id='word_1_43' title='bbox 602 609 709 688; x_wconf 83' lang='lat' dir='ltr'>Spiritu</span> <span class='ocrx_word' id='word_1_44' title='bbox 725 612 830 675; x_wconf 78' lang='lat' dir='ltr'><strong>Soron</strong></span> <span class='ocrx_word' id='word_1_45' title='bbox 844 618 937 692; x_wconf 81' lang='lat' dir='ltr'><strong>quoad</strong></span> 
     </span>
     <span class='ocr_line' id='line_1_8' title="bbox 20 697 231 758; baseline -0.009 0"><span class='ocrx_word' id='word_1_46' title='bbox 20 699 53 758; x_wconf 88' lang='lat' dir='ltr'><strong>rin</strong></span> <span class='ocrx_word' id='word_1_47' title='bbox 123 697 231 756; x_wconf 76' lang='lat' dir='ltr'><strong>verba·</strong></span> 
     </span>
    </p>

    <p class='ocr_par' dir='ltr' id='par_1_4' title="bbox 22 696 937 1751">
     <span class='ocr_line' id='line_1_9' title="bbox 50 696 937 855; baseline -0.002 -17"><span class='ocrx_word' id='word_1_48' title='bbox 50 696 304 855; x_wconf 50' lang='lat' dir='ltr'><strong>it‘illtisringuondo</strong></span> <span class='ocrx_word' id='word_1_49' title='bbox 312 775 522 854; x_wconf 83' lang='lat' dir='ltr'><strong>probationem:</strong></span> <span class='ocrx_word' id='word_1_50' title='bbox 535 772 650 849; x_wconf 79' lang='lat' dir='ltr'><strong>vulgata</strong></span> <span class='ocrx_word' id='word_1_51' title='bbox 660 785 763 845; x_wconf 80' lang='lat' dir='ltr'><strong>nostra,</strong></span> <span class='ocrx_word' id='word_1_52' title='bbox 777 773 872 848; x_wconf 77' lang='lat' dir='ltr'><strong>idest,</strong></span> <span class='ocrx_word' id='word_1_53' title='bbox 887 778 937 840; x_wconf 76' lang='lat' dir='ltr'><strong>ilh</strong></span> 
     </span>
     <span class='ocr_line' id='line_1_10' title="bbox 22 855 936 934; baseline 0.002 -16"><span class='ocrx_word' id='word_1_54' title='bbox 22 860 93 920; x_wconf 85' lang='lat' dir='ltr'><strong>renio</strong></span> <span class='ocrx_word' id='word_1_55' title='bbox 106 879 162 918; x_wconf 89' lang='lat' dir='ltr'><strong>non</strong></span> <span class='ocrx_word' id='word_1_56' title='bbox 184 872 230 918; x_wconf 84' lang='lat' dir='ltr'><strong>est</strong></span> <span class='ocrx_word' id='word_1_57' title='bbox 243 859 348 918; x_wconf 80' lang='lat' dir='ltr'><strong>dictata</strong></span> <span class='ocrx_word' id='word_1_58' title='bbox 360 857 453 934; x_wconf 87' lang='lat' dir='ltr'><strong>quoad</strong></span> <span class='ocrx_word' id='word_1_59' title='bbox 469 855 580 932; x_wconf 78' lang='lat' dir='ltr'><strong>singula</strong></span> <span class='ocrx_word' id='word_1_60' title='bbox 593 855 686 924; x_wconf 81' lang='lat' dir='ltr'><strong>verba,</strong></span> <span class='ocrx_word' id='word_1_61' title='bbox 710 858 855 918; x_wconf 88' lang='lat' dir='ltr'><strong>concedo:</strong></span> <span class='ocrx_word' id='word_1_62' title='bbox 879 880 936 920; x_wconf 88' lang='lat' dir='ltr'><strong>non</strong></span> 
     </span>
     <span class='ocr_line' id='line_1_11' title="bbox 22 935 936 1018; baseline -0.003 -17"><span class='ocrx_word' id='word_1_63' title='bbox 22 941 159 1002; x_wconf 77' lang='lat' dir='ltr'><strong>stdictata</strong></span> <span class='ocrx_word' id='word_1_64' title='bbox 169 941 264 1018; x_wconf 87' lang='lat' dir='ltr'><strong>quoad</strong></span> <span class='ocrx_word' id='word_1_65' title='bbox 274 939 385 1016; x_wconf 81' lang='lat' dir='ltr'><strong>singula</strong></span> <span class='ocrx_word' id='word_1_66' title='bbox 396 939 481 996; x_wconf 87' lang='lat' dir='ltr'><strong>verba</strong></span> <span class='ocrx_word' id='word_1_67' title='bbox 490 937 519 994; x_wconf 89' lang='lat' dir='ltr'><strong>ia</strong></span> <span class='ocrx_word' id='word_1_68' title='bbox 533 955 587 996; x_wconf 88' lang='lat' dir='ltr'><strong>suo</strong></span> <span class='ocrx_word' id='word_1_69' title='bbox 596 935 683 1005; x_wconf 80' lang='lat' dir='ltr'><strong>sonte,</strong></span> <span class='ocrx_word' id='word_1_70' title='bbox 697 956 749 996; x_wconf 86' lang='lat' dir='ltr'><strong>sea</strong></span> <span class='ocrx_word' id='word_1_71' title='bbox 758 938 789 998; x_wconf 93' lang='lat' dir='ltr'><strong>iu</strong></span> <span class='ocrx_word' id='word_1_72' title='bbox 798 939 936 1018; x_wconf 71' lang='lat' dir='ltr'>originali,</span> 
     </span>
     <span class='ocr_line' id='line_1_12' title="bbox 23 1013 936 1101; baseline 0 -16"><span class='ocrx_word' id='word_1_73' title='bbox 23 1024 79 1086; x_wconf 87' lang='lat' dir='ltr'><strong>rudo</strong></span> <span class='ocrx_word' id='word_1_74' title='bbox 87 1023 199 1101; x_wconf 75' lang='lat' dir='ltr'><strong>vulgata</strong></span> <span class='ocrx_word' id='word_1_75' title='bbox 207 1034 304 1085; x_wconf 85' lang='lat' dir='ltr'><strong>nostra</strong></span> <span class='ocrx_word' id='word_1_76' title='bbox 311 1021 444 1082; x_wconf 83' lang='lat' dir='ltr'><strong>tramlata</strong></span> <span class='ocrx_word' id='word_1_77' title='bbox 454 1032 507 1091; x_wconf 83' lang='lat' dir='ltr'><strong>ost,</strong></span> <span class='ocrx_word' id='word_1_78' title='bbox 518 1033 548 1083; x_wconf 87' lang='lat' dir='ltr'><strong>et</strong></span> <span class='ocrx_word' id='word_1_79' title='bbox 556 1013 677 1096; x_wconf 81' lang='lat' dir='ltr'><strong>quicum</strong></span> <span class='ocrx_word' id='word_1_80' title='bbox 686 1032 817 1084; x_wconf 83' lang='lat' dir='ltr'><strong>causatur</strong></span> <span class='ocrx_word' id='word_1_81' title='bbox 827 1024 936 1096; x_wconf 72' lang='lat' dir='ltr'><strong>sedem</strong></span> 
     </span>
     <span class='ocr_line' id='line_1_13' title="bbox 23 1125 936 1261; baseline -0.003 -16"><span class='ocrx_word' id='word_1_82' title='bbox 23 1125 127 1246; x_wconf 67' lang='lat' dir='ltr'><strong>neilirde</strong></span> <span class='ocrx_word' id='word_1_83' title='bbox 149 1196 230 1256; x_wconf 85' lang='lat' dir='ltr'><strong>uota,</strong></span> <span class='ocrx_word' id='word_1_84' title='bbox 252 1182 436 1261; x_wconf 71' lang='lat' dir='ltr'><strong>questionem</strong></span> <span class='ocrx_word' id='word_1_85' title='bbox 459 1178 579 1256; x_wconf 76' lang='lat' dir='ltr'><strong>intelligi</strong></span> <span class='ocrx_word' id='word_1_86' title='bbox 602 1179 638 1238; x_wconf 88' lang='lat' dir='ltr'><strong>de</strong></span> <span class='ocrx_word' id='word_1_87' title='bbox 660 1181 797 1260; x_wconf 77' lang='lat' dir='ltr'><strong>originali,</strong></span> <span class='ocrx_word' id='word_1_88' title='bbox 820 1203 878 1244; x_wconf 91' lang='lat' dir='ltr'><strong>non</strong></span> <span class='ocrx_word' id='word_1_89' title='bbox 899 1187 936 1246; x_wconf 84' lang='lat' dir='ltr'><strong>ds</strong></span> 
     </span>
     <span class='ocr_line' id='line_1_14' title="bbox 24 1261 935 1346; baseline 0 -20"><span class='ocrx_word' id='word_1_90' title='bbox 24 1268 229 1327; x_wconf 64' lang='lat' dir='ltr'><strong>titulationibus</strong></span> <span class='ocrx_word' id='word_1_91' title='bbox 253 1267 282 1324; x_wconf 90' lang='lat' dir='ltr'><strong>in</strong></span> <span class='ocrx_word' id='word_1_92' title='bbox 305 1266 373 1324; x_wconf 85' lang='lat' dir='ltr'><strong>alias</strong></span> <span class='ocrx_word' id='word_1_93' title='bbox 397 1264 515 1340; x_wconf 79' lang='lat' dir='ltr'><strong>linguas,</strong></span> <span class='ocrx_word' id='word_1_94' title='bbox 539 1261 594 1319; x_wconf 90' lang='lat' dir='ltr'><strong>uisi</strong></span> <span class='ocrx_word' id='word_1_95' title='bbox 614 1261 779 1339; x_wconf 81' lang='lat' dir='ltr'><strong>inquantdm</strong></span> <span class='ocrx_word' id='word_1_96' title='bbox 793 1267 935 1346; x_wconf 87' lang='lat' dir='ltr'><strong>cumipse</strong></span> 
     </span>
     <span class='ocr_line' id='line_1_15' title="bbox 24 1343 936 1426; baseline -0.001 -18"><span class='ocrx_word' id='word_1_97' title='bbox 24 1349 127 1426; x_wconf 76' lang='lat' dir='ltr'><strong>uiginali</strong></span> <span class='ocrx_word' id='word_1_98' title='bbox 151 1349 359 1416; x_wconf 84' lang='lat' dir='ltr'><strong>concordando,</strong></span> <span class='ocrx_word' id='word_1_99' title='bbox 384 1347 491 1404; x_wconf 80' lang='lat' dir='ltr'><strong>easdem</strong></span> <span class='ocrx_word' id='word_1_100' title='bbox 513 1363 578 1402; x_wconf 86' lang='lat' dir='ltr'><strong>cum</strong></span> <span class='ocrx_word' id='word_1_101' title='bbox 603 1343 665 1420; x_wconf 91' lang='lat' dir='ltr'><strong>ipso</strong></span> <span class='ocrx_word' id='word_1_102' title='bbox 677 1359 829 1407; x_wconf 85' lang='lat' dir='ltr'><strong>censentur</strong></span> <span class='ocrx_word' id='word_1_103' title='bbox 841 1351 936 1425; x_wconf 84' lang='lat' dir='ltr'><strong>quoad</strong></span> 
     </span>
     <span class='ocr_line' id='line_1_16' title="bbox 23 1425 936 1502; baseline 0.001 -13"><span class='ocrx_word' id='word_1_104' title='bbox 23 1431 210 1500; x_wconf 84' lang='lat' dir='ltr'><strong>utboritatem,</strong></span> <span class='ocrx_word' id='word_1_105' title='bbox 226 1429 461 1497; x_wconf 68' lang='lat' dir='ltr'><strong>infallibilitatem,</strong></span> <span class='ocrx_word' id='word_1_106' title='bbox 472 1438 502 1484; x_wconf 89' lang='lat' dir='ltr'><strong>et</strong></span> <span class='ocrx_word' id='word_1_107' title='bbox 514 1425 752 1502; x_wconf 70' lang='lat' dir='ltr'><strong>aequipollentiam</strong></span> <span class='ocrx_word' id='word_1_108' title='bbox 767 1427 892 1490; x_wconf 71' lang='lat' dir='ltr'><strong>venaris</strong></span> <span class='ocrx_word' id='word_1_109' title='bbox 906 1443 936 1492; x_wconf 84' lang='lat' dir='ltr'><strong>et</strong></span> 
     </span>
     <span class='ocr_line' id='line_1_17' title="bbox 24 1509 936 1588; baseline -0.011 -18"><span class='ocrx_word' id='word_1_110' title='bbox 24 1513 153 1571; x_wconf 75' lang='lat' dir='ltr'><strong>docuinae:</strong></span> <span class='ocrx_word' id='word_1_111' title='bbox 178 1525 264 1588; x_wconf 82' lang='lat' dir='ltr'><strong>atque</strong></span> <span class='ocrx_word' id='word_1_112' title='bbox 279 1512 320 1570; x_wconf 88' lang='lat' dir='ltr'><strong>its</strong></span> <span class='ocrx_word' id='word_1_113' title='bbox 332 1509 446 1586; x_wconf 83' lang='lat' dir='ltr'><strong>vulgata</strong></span> <span class='ocrx_word' id='word_1_114' title='bbox 458 1521 554 1566; x_wconf 87' lang='lat' dir='ltr'><strong>nostra</strong></span> <span class='ocrx_word' id='word_1_115' title='bbox 568 1519 691 1578; x_wconf 75' lang='lat' dir='ltr'><strong>roenna,</strong></span> <span class='ocrx_word' id='word_1_116' title='bbox 714 1522 743 1569; x_wconf 89' lang='lat' dir='ltr'><strong>st</strong></span> <span class='ocrx_word' id='word_1_117' title='bbox 757 1522 800 1569; x_wconf 89' lang='lat' dir='ltr'><strong>est</strong></span> <span class='ocrx_word' id='word_1_118' title='bbox 814 1513 936 1588; x_wconf 63' lang='lat' dir='ltr'><strong>mquivg.</strong></span> 
     </span>
     <span class='ocr_line' id='line_1_18' title="bbox 23 1587 935 1671; baseline 0.001 -20"><span class='ocrx_word' id='word_1_119' title='bbox 23 1593 93 1652; x_wconf 84' lang='lat' dir='ltr'><strong>larter</strong></span> <span class='ocrx_word' id='word_1_120' title='bbox 105 1593 254 1671; x_wconf 77' lang='lat' dir='ltr'><strong>Scriptura</strong></span> <span class='ocrx_word' id='word_1_121' title='bbox 267 1592 296 1654; x_wconf 89' lang='lat' dir='ltr'><strong>S.</strong></span> <span class='ocrx_word' id='word_1_122' title='bbox 320 1591 386 1668; x_wconf 87' lang='lat' dir='ltr'><strong>quia</strong></span> <span class='ocrx_word' id='word_1_123' title='bbox 403 1589 533 1650; x_wconf 75' lang='lat' dir='ltr'><strong>Ecclesia</strong></span> <span class='ocrx_word' id='word_1_124' title='bbox 556 1587 586 1646; x_wconf 88' lang='lat' dir='ltr'><strong>iu</strong></span> <span class='ocrx_word' id='word_1_125' title='bbox 601 1589 690 1648; x_wconf 84' lang='lat' dir='ltr'><strong>Cone.</strong></span> <span class='ocrx_word' id='word_1_126' title='bbox 715 1590 793 1652; x_wconf 89' lang='lat' dir='ltr'><strong>Trid.</strong></span> <span class='ocrx_word' id='word_1_127' title='bbox 817 1591 892 1656; x_wconf 82' lang='lat' dir='ltr'><strong>Sera.</strong></span> <span class='ocrx_word' id='word_1_128' title='bbox 905 1597 935 1654; x_wconf 76' lang='lat'><strong>4.</strong></span> 
     </span>
     <span class='ocr_line' id='line_1_19' title="bbox 24 1668 769 1751; baseline -0.007 -17"><span class='ocrx_word' id='word_1_129' title='bbox 24 1675 161 1744; x_wconf 83' lang='lat' dir='ltr'><strong>decbrarit,</strong></span> <span class='ocrx_word' id='word_1_130' title='bbox 177 1675 321 1751; x_wconf 82' lang='lat' dir='ltr'><strong>vulgatam</strong></span> <span class='ocrx_word' id='word_1_131' title='bbox 331 1684 458 1732; x_wconf 80' lang='lat' dir='ltr'><strong>nostram</strong></span> <span class='ocrx_word' id='word_1_132' title='bbox 471 1691 533 1730; x_wconf 90' lang='lat' dir='ltr'><strong>esse</strong></span> <span class='ocrx_word' id='word_1_133' title='bbox 547 1668 745 1732; x_wconf 83' lang='lat' dir='ltr'><strong>authenticam.</strong></span> <span class='ocrx_word' id='word_1_134' title='bbox 764 1693 769 1714; x_wconf 61' lang='grc' dir='ltr'>ι</span> 
     </span>
    </p>

    <p class='ocr_par' dir='ltr' id='par_1_5' title="bbox 22 1754 934 2060">
     <span class='ocr_line' id='line_1_20' title="bbox 49 1754 934 1834; baseline 0.001 -19"><span class='ocrx_word' id='word_1_135' title='bbox 49 1756 104 1834; x_wconf 92' lang='lat' dir='ltr'><strong>0bj.</strong></span> <span class='ocrx_word' id='word_1_136' title='bbox 116 1757 156 1815; x_wconf 88' lang='lat'><strong>11.</strong></span> <span class='ocrx_word' id='word_1_137' title='bbox 173 1756 332 1816; x_wconf 88' lang='lat' dir='ltr'><strong>Diversitas</strong></span> <span class='ocrx_word' id='word_1_138' title='bbox 346 1755 555 1815; x_wconf 81' lang='lat' dir='ltr'><strong>amanuensium</strong></span> <span class='ocrx_word' id='word_1_139' title='bbox 580 1771 637 1810; x_wconf 90' lang='lat' dir='ltr'><strong>non</strong></span> <span class='ocrx_word' id='word_1_140' title='bbox 653 1754 721 1812; x_wconf 86' lang='lat' dir='ltr'><strong>facit</strong></span> <span class='ocrx_word' id='word_1_141' title='bbox 743 1755 934 1818; x_wconf 82' lang='lat' dir='ltr'><strong>diversitatem</strong></span> 
     </span>
     <span class='ocr_line' id='line_1_21' title="bbox 22 1831 933 1916; baseline 0.002 -21"><span class='ocrx_word' id='word_1_142' title='bbox 22 1839 76 1916; x_wconf 77' lang='lat' dir='ltr'><strong>styli,</strong></span> <span class='ocrx_word' id='word_1_143' title='bbox 98 1838 214 1896; x_wconf 90' lang='lat' dir='ltr'><strong>siidem</strong></span> <span class='ocrx_word' id='word_1_144' title='bbox 228 1838 265 1895; x_wconf 90' lang='lat' dir='ltr'><strong>sit</strong></span> <span class='ocrx_word' id='word_1_145' title='bbox 281 1837 406 1903; x_wconf 83' lang='lat' dir='ltr'><strong>dietsns3</strong></span> <span class='ocrx_word' id='word_1_146' title='bbox 429 1835 507 1910; x_wconf 90' lang='lat' dir='ltr'><strong>atqui</strong></span> <span class='ocrx_word' id='word_1_147' title='bbox 521 1831 611 1911; x_wconf 80' lang='lat' dir='ltr'><strong>stylus</strong></span> <span class='ocrx_word' id='word_1_148' title='bbox 626 1853 767 1894; x_wconf 87' lang='lat' dir='ltr'><strong>sacrorum</strong></span> <span class='ocrx_word' id='word_1_149' title='bbox 788 1837 933 1909; x_wconf 85' lang='lat' dir='ltr'><strong>librorum,</strong></span> 
     </span>
     <span class='ocr_line' id='line_1_22' title="bbox 23 1914 933 1998; baseline 0.001 -20"><span class='ocrx_word' id='word_1_150' title='bbox 23 1917 211 1998; x_wconf 77' lang='lat' dir='ltr'><strong>quiidiversis</strong></span> <span class='ocrx_word' id='word_1_151' title='bbox 233 1917 384 1994; x_wconf 84' lang='lat' dir='ltr'><strong>conscripti</strong></span> <span class='ocrx_word' id='word_1_152' title='bbox 398 1929 473 1986; x_wconf 86' lang='lat' dir='ltr'><strong>sunt,</strong></span> <span class='ocrx_word' id='word_1_153' title='bbox 499 1929 543 1974; x_wconf 85' lang='lat' dir='ltr'><strong>est</strong></span> <span class='ocrx_word' id='word_1_154' title='bbox 556 1914 701 1977; x_wconf 80' lang='lat' dir='ltr'><strong>diversus:</strong></span> <span class='ocrx_word' id='word_1_155' title='bbox 727 1937 794 1996; x_wconf 75' lang='lat' dir='ltr'><strong>ergo</strong></span> <span class='ocrx_word' id='word_1_156' title='bbox 808 1939 865 1978; x_wconf 89' lang='lat' dir='ltr'><strong>non</strong></span> <span class='ocrx_word' id='word_1_157' title='bbox 879 1921 933 1980; x_wconf 87' lang='lat' dir='ltr'><strong>luit</strong></span> 
     </span>
     <span class='ocr_line' id='line_1_23' title="bbox 22 2001 206 2060; baseline -0.011 0"><span class='ocrx_word' id='word_1_158' title='bbox 22 2003 75 2060; x_wconf 85' lang='lat' dir='ltr'><strong>idern</strong></span> <span class='ocrx_word' id='word_1_159' title='bbox 87 2001 206 2059; x_wconf 77' lang='lat' dir='ltr'><strong>dictam.</strong></span> 
     </span>
    </p>

    <p class='ocr_par' dir='ltr' id='par_1_6' title="bbox 23 2079 930 2404">
     <span class='ocr_line' id='line_1_24' title="bbox 49 2079 930 2158; baseline -0.002 -16"><span class='ocrx_word' id='word_1_160' title='bbox 49 2084 78 2144; x_wconf 80' lang='lat' dir='ltr'><strong>li.</strong></span> <span class='ocrx_word' id='word_1_161' title='bbox 90 2081 161 2158; x_wconf 83' lang='lat' dir='ltr'><strong>Neg.</strong></span> <span class='ocrx_word' id='word_1_162' title='bbox 177 2101 292 2158; x_wconf 88' lang='lat' dir='ltr'><strong>conseq.</strong></span> <span class='ocrx_word' id='word_1_163' title='bbox 312 2080 388 2146; x_wconf 82' lang='lat' dir='ltr'><strong>Quia</strong></span> <span class='ocrx_word' id='word_1_164' title='bbox 399 2079 480 2138; x_wconf 83' lang='lat' dir='ltr'><strong>Deus</strong></span> <span class='ocrx_word' id='word_1_165' title='bbox 494 2079 524 2138; x_wconf 90' lang='lat' dir='ltr'><strong>in</strong></span> <span class='ocrx_word' id='word_1_166' title='bbox 538 2079 669 2138; x_wconf 83' lang='lat' dir='ltr'><strong>dictando</strong></span> <span class='ocrx_word' id='word_1_167' title='bbox 683 2079 772 2140; x_wconf 87' lang='lat' dir='ltr'><strong>voluit</strong></span> <span class='ocrx_word' id='word_1_168' title='bbox 785 2101 816 2140; x_wconf 87' lang='lat' dir='ltr'><strong>se</strong></span> <span class='ocrx_word' id='word_1_169' title='bbox 829 2092 930 2142; x_wconf 83' lang='lat' dir='ltr'><strong>attam·</strong></span> 
     </span>
     <span class='ocr_line' id='line_1_25' title="bbox 23 2160 930 2244; baseline -0.002 -20"><span class='ocrx_word' id='word_1_170' title='bbox 23 2183 93 2244; x_wconf 79' lang='lat' dir='ltr'><strong>parare</strong></span> <span class='ocrx_word' id='word_1_171' title='bbox 112 2163 228 2240; x_wconf 77' lang='lat' dir='ltr'><strong>ingenio</strong></span> <span class='ocrx_word' id='word_1_172' title='bbox 242 2176 272 2222; x_wconf 88' lang='lat' dir='ltr'><strong>et</strong></span> <span class='ocrx_word' id='word_1_173' title='bbox 294 2161 448 2220; x_wconf 87' lang='lat' dir='ltr'><strong>conditioni</strong></span> <span class='ocrx_word' id='word_1_174' title='bbox 462 2160 653 2230; x_wconf 83' lang='lat' dir='ltr'><strong>scribentium,</strong></span> <span class='ocrx_word' id='word_1_175' title='bbox 678 2163 762 2220; x_wconf 82' lang='lat' dir='ltr'><strong>verbo</strong></span> <span class='ocrx_word' id='word_1_176' title='bbox 775 2163 816 2221; x_wconf 89' lang='lat' dir='ltr'><strong>eis</strong></span> <span class='ocrx_word' id='word_1_177' title='bbox 829 2183 930 2242; x_wconf 73' lang='lat' dir='ltr'><strong>sugge-</strong></span> 
     </span>
     <span class='ocr_line' id='line_1_26' title="bbox 24 2242 929 2324; baseline 0 -20"><span class='ocrx_word' id='word_1_178' title='bbox 24 2267 66 2304; x_wconf 85' lang='lat' dir='ltr'><strong>rens</strong></span> <span class='ocrx_word' id='word_1_179' title='bbox 76 2259 155 2324; x_wconf 68' lang='lat' dir='ltr'><strong>pmnt</strong></span> <span class='ocrx_word' id='word_1_180' title='bbox 169 2245 274 2324; x_wconf 85' lang='lat' dir='ltr'><strong>cuique</strong></span> <span class='ocrx_word' id='word_1_181' title='bbox 288 2256 367 2304; x_wconf 88' lang='lat' dir='ltr'><strong>eraut</strong></span> <span class='ocrx_word' id='word_1_182' title='bbox 379 2242 534 2312; x_wconf 72' lang='lat' dir='ltr'><strong>familiaria,</strong></span> <span class='ocrx_word' id='word_1_183' title='bbox 548 2254 578 2300; x_wconf 86' lang='lat' dir='ltr'><strong>st</strong></span> <span class='ocrx_word' id='word_1_184' title='bbox 590 2242 631 2302; x_wconf 86' lang='lat' dir='ltr'><strong>ita</strong></span> <span class='ocrx_word' id='word_1_185' title='bbox 644 2263 692 2300; x_wconf 89' lang='lat' dir='ltr'><strong>eos</strong></span> <span class='ocrx_word' id='word_1_186' title='bbox 706 2243 837 2321; x_wconf 80' lang='lat' dir='ltr'><strong>dirigam,</strong></span> <span class='ocrx_word' id='word_1_187' title='bbox 857 2263 893 2304; x_wconf 76' lang='lat' dir='ltr'><strong>ac</strong></span> <span class='ocrx_word' id='word_1_188' title='bbox 904 2247 929 2306; x_wconf 88' lang='lat' dir='ltr'><strong>si</strong></span> 
     </span>
     <span class='ocr_line' id='line_1_27' title="bbox 24 2327 297 2404; baseline -0.007 -18"><span class='ocrx_word' id='word_1_189' title='bbox 24 2331 98 2386; x_wconf 84' lang='lat' dir='ltr'><strong>darno</strong></span> <span class='ocrx_word' id='word_1_190' title='bbox 108 2327 297 2404; x_wconf 80' lang='lat' dir='ltr'><strong>scripsissent.</strong></span> 
     </span>
    </p>

    <p class='ocr_par' dir='ltr' id='par_1_7' title="bbox 24 2404 930 2731">
     <span class='ocr_line' id='line_1_28' title="bbox 49 2404 930 2484; baseline -0.002 -17"><span class='ocrx_word' id='word_1_191' title='bbox 49 2410 113 2468; x_wconf 88' lang='lat' dir='ltr'><strong>Hinc</strong></span> <span class='ocrx_word' id='word_1_192' title='bbox 126 2408 289 2476; x_wconf 76' lang='lat' dir='ltr'><strong>soloecismi,</strong></span> <span class='ocrx_word' id='word_1_193' title='bbox 309 2405 412 2481; x_wconf 84' lang='lat' dir='ltr'><strong>aliique</strong></span> <span class='ocrx_word' id='word_1_194' title='bbox 426 2404 584 2484; x_wconf 80' lang='lat' dir='ltr'><strong>scriptionis</strong></span> <span class='ocrx_word' id='word_1_195' title='bbox 597 2405 726 2464; x_wconf 84' lang='lat' dir='ltr'><strong>delectrrs</strong></span> <span class='ocrx_word' id='word_1_196' title='bbox 739 2423 795 2464; x_wconf 88' lang='lat' dir='ltr'><strong>non</strong></span> <span class='ocrx_word' id='word_1_197' title='bbox 811 2405 930 2484; x_wconf 87' lang='lat' dir='ltr'><strong>Spiritui</strong></span> 
     </span>
     <span class='ocr_line' id='line_1_29' title="bbox 25 2487 929 2565; baseline -0.002 -15"><span class='ocrx_word' id='word_1_198' title='bbox 25 2491 101 2550; x_wconf 82' lang='lat' dir='ltr'><strong>Sancto</strong></span> <span class='ocrx_word' id='word_1_199' title='bbox 113 2490 244 2558; x_wconf 85' lang='lat' dir='ltr'><strong>dictanti,</strong></span> <span class='ocrx_word' id='word_1_200' title='bbox 259 2489 309 2547; x_wconf 87' lang='lat' dir='ltr'><strong>sed</strong></span> <span class='ocrx_word' id='word_1_201' title='bbox 329 2487 459 2565; x_wconf 84' lang='lat' dir='ltr'><strong>scriptori</strong></span> <span class='ocrx_word' id='word_1_202' title='bbox 479 2488 636 2564; x_wconf 89' lang='lat' dir='ltr'><strong>imputandi</strong></span> <span class='ocrx_word' id='word_1_203' title='bbox 658 2499 741 2554; x_wconf 84' lang='lat' dir='ltr'><strong>suut;</strong></span> <span class='ocrx_word' id='word_1_204' title='bbox 765 2487 849 2546; x_wconf 87' lang='lat' dir='ltr'><strong>simili</strong></span> <span class='ocrx_word' id='word_1_205' title='bbox 869 2490 929 2548; x_wconf 72' lang='lat' dir='ltr'><strong>ferd</strong></span> 
     </span>
     <span class='ocr_line' id='line_1_30' title="bbox 24 2567 928 2646; baseline 0 -16"><span class='ocrx_word' id='word_1_206' title='bbox 24 2573 89 2642; x_wconf 87' lang='lat' dir='ltr'><strong>uodo,</strong></span> <span class='ocrx_word' id='word_1_207' title='bbox 111 2571 193 2630; x_wconf 89' lang='lat' dir='ltr'><strong>acsi</strong></span> <span class='ocrx_word' id='word_1_208' title='bbox 213 2572 303 2630; x_wconf 79' lang='lat' dir='ltr'><strong>boum</strong></span> <span class='ocrx_word' id='word_1_209' title='bbox 324 2570 443 2646; x_wconf 89' lang='lat' dir='ltr'><strong>scriptor</strong></span> <span class='ocrx_word' id='word_1_210' title='bbox 466 2567 575 2626; x_wconf 87' lang='lat' dir='ltr'><strong>calamo</strong></span> <span class='ocrx_word' id='word_1_211' title='bbox 602 2569 765 2628; x_wconf 84' lang='lat' dir='ltr'><strong>defectuoso</strong></span> <span class='ocrx_word' id='word_1_212' title='bbox 792 2581 928 2642; x_wconf 78' lang='lat' dir='ltr'><strong>uteretur,</strong></span> 
     </span>
     <span class='ocr_line' id='line_1_31' title="bbox 24 2649 834 2731; baseline -0.001 -20"><span class='ocrx_word' id='word_1_213' title='bbox 24 2655 120 2712; x_wconf 80' lang='lat' dir='ltr'><strong>delectus</strong></span> <span class='ocrx_word' id='word_1_214' title='bbox 134 2653 284 2731; x_wconf 80' lang='lat' dir='ltr'><strong>scripturae</strong></span> <span class='ocrx_word' id='word_1_215' title='bbox 298 2651 415 2722; x_wconf 86' lang='lat' dir='ltr'><strong>calamo,</strong></span> <span class='ocrx_word' id='word_1_216' title='bbox 429 2670 485 2708; x_wconf 91' lang='lat' dir='ltr'><strong>nou</strong></span> <span class='ocrx_word' id='word_1_217' title='bbox 499 2650 627 2726; x_wconf 87' lang='lat' dir='ltr'><strong>scriptori</strong></span> <span class='ocrx_word' id='word_1_218' title='bbox 640 2649 834 2726; x_wconf 86' lang='lat' dir='ltr'><strong>imputaretur.</strong></span> 
     </span>
    </p>

    <p class='ocr_par' dir='ltr' id='par_1_8' title="bbox 24 2730 1005 3300">
     <span class='ocr_line' id='line_1_32' title="bbox 49 2730 928 2812; baseline -0.002 -18"><span class='ocrx_word' id='word_1_219' title='bbox 49 2735 174 2812; x_wconf 83' lang='lat' dir='ltr'><strong>0tj.111.</strong></span> <span class='ocrx_word' id='word_1_220' title='bbox 199 2733 312 2794; x_wconf 88' lang='lat' dir='ltr'><strong>Autbor</strong></span> <span class='ocrx_word' id='word_1_221' title='bbox 335 2732 399 2792; x_wconf 87' lang='lat' dir='ltr'><strong>libri</strong></span> <span class='ocrx_word' id='word_1_222' title='bbox 420 2731 537 2793; x_wconf 67' lang='lat' dir='ltr'><strong>mundi</strong></span> <span class='ocrx_word' id='word_1_223' title='bbox 552 2730 781 2792; x_wconf 80' lang='lat' dir='ltr'><strong>Macbabaeorum</strong></span> <span class='ocrx_word' id='word_1_224' title='bbox 796 2752 858 2812; x_wconf 84' lang='lat' dir='ltr'><strong>cop.</strong></span> <span class='ocrx_word' id='word_1_225' title='bbox 881 2735 928 2793; x_wconf 80' lang='lat'><strong>15.</strong></span> 
     </span>
     <span class='ocr_line' id='line_1_33' title="bbox 25 2811 971 2895; baseline 0.002 -25"><span class='ocrx_word' id='word_1_226' title='bbox 25 2818 105 2876; x_wconf 79' lang='lat' dir='ltr'><strong>reniam</strong></span> <span class='ocrx_word' id='word_1_227' title='bbox 114 2817 198 2895; x_wconf 78' lang='lat' dir='ltr'><strong>perit,</strong></span> <span class='ocrx_word' id='word_1_228' title='bbox 210 2817 234 2874; x_wconf 87' lang='lat' dir='ltr'><strong>si</strong></span> <span class='ocrx_word' id='word_1_229' title='bbox 243 2813 336 2876; x_wconf 78' lang='lat' dir='ltr'><strong>minois</strong></span> <span class='ocrx_word' id='word_1_230' title='bbox 346 2814 430 2888; x_wconf 73' lang='lat' dir='ltr'><strong>digna</strong></span> <span class='ocrx_word' id='word_1_231' title='bbox 441 2825 470 2870; x_wconf 92' lang='lat' dir='ltr'><strong>et</strong></span> <span class='ocrx_word' id='word_1_232' title='bbox 480 2833 531 2869; x_wconf 92' lang='lat' dir='ltr'><strong>con</strong></span> <span class='ocrx_word' id='word_1_233' title='bbox 536 2814 677 2872; x_wconf 87' lang='lat' dir='ltr'><strong>venienter</strong></span> <span class='ocrx_word' id='word_1_234' title='bbox 686 2811 830 2872; x_wconf 86' lang='lat' dir='ltr'><strong>historiam</strong></span> <span class='ocrx_word' id='word_1_235' title='bbox 835 2815 929 2894; x_wconf 82' lang='lat' dir='ltr'><strong>scrip·</strong></span> <span class='ocrx_word' id='word_1_236' title='bbox 967 2833 971 2841; x_wconf 76' lang='lat'><strong><em>¹</em></strong></span> 
     </span>
     <span class='ocr_line' id='line_1_34' title="bbox 24 2895 1005 2975; baseline 0 -19"><span class='ocrx_word' id='word_1_237' title='bbox 24 2899 75 2966; x_wconf 70' lang='lat' dir='ltr'><strong>erit</strong></span> <span class='ocrx_word' id='word_1_238' title='bbox 99 2912 126 2956; x_wconf 91' lang='lat' dir='ltr'><strong>ot</strong></span> <span class='ocrx_word' id='word_1_239' title='bbox 150 2917 215 2975; x_wconf 86' lang='lat' dir='ltr'><strong>cap.</strong></span> <span class='ocrx_word' id='word_1_240' title='bbox 241 2900 270 2954; x_wconf 80' lang='lat'><strong>2.</strong></span> <span class='ocrx_word' id='word_1_241' title='bbox 298 2895 335 2954; x_wconf 89' lang='lat' dir='ltr'><strong>V.</strong></span> <span class='ocrx_word' id='word_1_242' title='bbox 365 2895 415 2952; x_wconf 79' lang='lat'><strong>24.</strong></span> <span class='ocrx_word' id='word_1_243' title='bbox 438 2914 469 2952; x_wconf 91' lang='lat' dir='ltr'><strong>sa</strong></span> <span class='ocrx_word' id='word_1_244' title='bbox 493 2895 597 2952; x_wconf 84' lang='lat' dir='ltr'><strong>sotatur</strong></span> <span class='ocrx_word' id='word_1_245' title='bbox 610 2895 792 2952; x_wconf 86' lang='lat' dir='ltr'><strong>breviatorem</strong></span> <span class='ocrx_word' id='word_1_246' title='bbox 813 2896 927 2956; x_wconf 84' lang='lat' dir='ltr'><strong>Jasonis</strong></span> <span class='ocrx_word' id='word_1_247' title='bbox 1003 2953 1005 2962; x_wconf 78' lang='grc'>,</span> 
     </span>
     <span class='ocr_line' id='line_1_35' title="bbox 27 2975 928 3056; baseline 0 -18"><span class='ocrx_word' id='word_1_248' title='bbox 27 2979 146 3056; x_wconf 52' lang='lat' dir='ltr'><strong>Cyrenen</strong></span> <span class='ocrx_word' id='word_1_249' title='bbox 168 2980 246 3038; x_wconf 90' lang='lat' dir='ltr'><strong>idem</strong></span> <span class='ocrx_word' id='word_1_250' title='bbox 262 2977 298 3036; x_wconf 92' lang='lat' dir='ltr'><strong>V.</strong></span> <span class='ocrx_word' id='word_1_251' title='bbox 324 2979 371 3034; x_wconf 77' lang='lat'><strong>27.</strong></span> <span class='ocrx_word' id='word_1_252' title='bbox 387 2976 466 3046; x_wconf 87' lang='lat' dir='ltr'><strong>dicit,</strong></span> <span class='ocrx_word' id='word_1_253' title='bbox 491 2995 590 3034; x_wconf 86' lang='lat' dir='ltr'><strong>senon</strong></span> <span class='ocrx_word' id='word_1_254' title='bbox 605 2975 715 3036; x_wconf 83' lang='lat' dir='ltr'><strong>facilem</strong></span> <span class='ocrx_word' id='word_1_255' title='bbox 730 2975 928 3047; x_wconf 66' lang='lat' dir='ltr'><strong>laboremne</strong></span> 
     </span>
     <span class='ocr_line' id='line_1_36' title="bbox 26 3057 928 3139; baseline 0.002 -21"><span class='ocrx_word' id='word_1_256' title='bbox 26 3063 136 3136; x_wconf 54' lang='lat' dir='ltr'><strong>nuntium</strong></span> <span class='ocrx_word' id='word_1_257' title='bbox 151 3061 268 3139; x_wconf 87' lang='lat' dir='ltr'><strong>plenum</strong></span> <span class='ocrx_word' id='word_1_258' title='bbox 284 3059 441 3136; x_wconf 82' lang='lat' dir='ltr'><strong>vigiliarum</strong></span> <span class='ocrx_word' id='word_1_259' title='bbox 464 3069 494 3116; x_wconf 83' lang='lat' dir='ltr'><strong>et</strong></span> <span class='ocrx_word' id='word_1_260' title='bbox 507 3057 617 3116; x_wconf 86' lang='lat' dir='ltr'><strong>sudoris</strong></span> <span class='ocrx_word' id='word_1_261' title='bbox 630 3059 829 3134; x_wconf 75' lang='lat' dir='ltr'><strong>assumpsisser</strong></span> <span class='ocrx_word' id='word_1_262' title='bbox 849 3061 928 3136; x_wconf 79' lang='lat' dir='ltr'><strong>utqui</strong></span> 
     </span>
     <span class='ocr_line' id='line_1_37' title="bbox 26 3139 928 3222; baseline 0 -22"><span class='ocrx_word' id='word_1_263' title='bbox 26 3141 163 3200; x_wconf 73' lang='lat' dir='ltr'><strong>bronnis</strong></span> <span class='ocrx_word' id='word_1_264' title='bbox 177 3142 305 3202; x_wconf 86' lang='lat' dir='ltr'><strong>dicineo</strong></span> <span class='ocrx_word' id='word_1_265' title='bbox 333 3151 450 3217; x_wconf 88' lang='lat' dir='ltr'><strong>possunt</strong></span> <span class='ocrx_word' id='word_1_266' title='bbox 472 3141 507 3196; x_wconf 90' lang='lat' dir='ltr'><strong>ab</strong></span> <span class='ocrx_word' id='word_1_267' title='bbox 531 3159 576 3207; x_wconf 87' lang='lat' dir='ltr'><strong>eo,</strong></span> <span class='ocrx_word' id='word_1_268' title='bbox 601 3139 648 3198; x_wconf 89' lang='lat' dir='ltr'><strong>cui</strong></span> <span class='ocrx_word' id='word_1_269' title='bbox 661 3139 755 3202; x_wconf 84' lang='lat' dir='ltr'><strong>omnia</strong></span> <span class='ocrx_word' id='word_1_270' title='bbox 775 3151 804 3200; x_wconf 83' lang='lat' dir='ltr'><strong>ct</strong></span> <span class='ocrx_word' id='word_1_271' title='bbox 817 3140 928 3222; x_wconf 73' lang='lat' dir='ltr'><strong>singula</strong></span> 
     </span>
     <span class='ocr_line' id='line_1_38' title="bbox 27 3222 583 3300; baseline -0.002 -21"><span class='ocrx_word' id='word_1_272' title='bbox 27 3226 83 3282; x_wconf 82' lang='lat' dir='ltr'><strong>rerba</strong></span> <span class='ocrx_word' id='word_1_273' title='bbox 94 3222 229 3282; x_wconf 83' lang='lat' dir='ltr'><strong>dlrinitrls</strong></span> <span class='ocrx_word' id='word_1_274' title='bbox 242 3222 427 3300; x_wconf 82' lang='lat' dir='ltr'><strong>inspirantur:</strong></span> <span class='ocrx_word' id='word_1_275' title='bbox 441 3241 517 3296; x_wconf 86' lang='lat' dir='ltr'><strong>ergo,</strong></span> <span class='ocrx_word' id='word_1_276' title='bbox 532 3222 583 3280; x_wconf 79' lang='lat' dir='ltr'><strong>buc.</strong></span> 
     </span>
    </p>

    <p class='ocr_par' dir='ltr' id='par_1_9' title="bbox 29 3300 928 3878">
     <span class='ocr_line' id='line_1_39' title="bbox 52 3300 928 3382; baseline 0 -18"><span class='ocrx_word' id='word_1_277' title='bbox 52 3305 78 3364; x_wconf 83' lang='lat' dir='ltr'><strong>ll.</strong></span> <span class='ocrx_word' id='word_1_278' title='bbox 90 3305 227 3382; x_wconf 77' lang='lat' dir='ltr'><strong>Negando</strong></span> <span class='ocrx_word' id='word_1_279' title='bbox 241 3305 394 3364; x_wconf 78' lang='lat' dir='ltr'><strong>minorem:</strong></span> <span class='ocrx_word' id='word_1_280' title='bbox 417 3303 549 3378; x_wconf 79' lang='lat' dir='ltr'><strong>quantum</strong></span> <span class='ocrx_word' id='word_1_281' title='bbox 565 3301 640 3358; x_wconf 92' lang='lat' dir='ltr'><strong>enirn</strong></span> <span class='ocrx_word' id='word_1_282' title='bbox 654 3302 690 3358; x_wconf 85' lang='lat' dir='ltr'><strong>ed</strong></span> <span class='ocrx_word' id='word_1_283' title='bbox 704 3300 825 3378; x_wconf 87' lang='lat' dir='ltr'><strong>primum</strong></span> <span class='ocrx_word' id='word_1_284' title='bbox 839 3323 928 3381; x_wconf 86' lang='lat' dir='ltr'><strong>punc·</strong></span> 
     </span>
     <span class='ocr_line' id='line_1_40' title="bbox 29 3384 928 3464; baseline 0.004 -23"><span class='ocrx_word' id='word_1_285' title='bbox 29 3388 138 3446; x_wconf 78' lang='lat' dir='ltr'><strong>naratio</strong></span> <span class='ocrx_word' id='word_1_286' title='bbox 157 3385 220 3464; x_wconf 83' lang='lat' dir='ltr'><strong>jam</strong></span> <span class='ocrx_word' id='word_1_287' title='bbox 246 3387 310 3444; x_wconf 87' lang='lat' dir='ltr'><strong>data</strong></span> <span class='ocrx_word' id='word_1_288' title='bbox 324 3396 377 3444; x_wconf 85' lang='lat' dir='ltr'><strong>est.</strong></span> <span class='ocrx_word' id='word_1_289' title='bbox 417 3385 560 3448; x_wconf 72' lang='lat' dir='ltr'><strong>Quantam</strong></span> <span class='ocrx_word' id='word_1_290' title='bbox 585 3384 621 3440; x_wconf 87' lang='lat' dir='ltr'><strong>ad</strong></span> <span class='ocrx_word' id='word_1_291' title='bbox 635 3384 802 3455; x_wconf 84' lang='lat' dir='ltr'><strong>seeundum,</strong></span> <span class='ocrx_word' id='word_1_292' title='bbox 825 3386 928 3445; x_wconf 88' lang='lat' dir='ltr'><strong>dicitnr</strong></span> 
     </span>
     <span class='ocr_line' id='line_1_41' title="bbox 29 3460 926 3544; baseline 0.006 -23"><span class='ocrx_word' id='word_1_293' title='bbox 29 3467 71 3526; x_wconf 82' lang='lat' dir='ltr'><strong>nibil</strong></span> <span class='ocrx_word' id='word_1_294' title='bbox 82 3470 198 3538; x_wconf 86' lang='lat' dir='ltr'><strong>obstare,</strong></span> <span class='ocrx_word' id='word_1_295' title='bbox 218 3467 367 3544; x_wconf 87' lang='lat' dir='ltr'><strong>quominus</strong></span> <span class='ocrx_word' id='word_1_296' title='bbox 381 3485 417 3524; x_wconf 86' lang='lat' dir='ltr'><strong>ex</strong></span> <span class='ocrx_word' id='word_1_297' title='bbox 431 3465 508 3522; x_wconf 88' lang='lat' dir='ltr'><strong>libris</strong></span> <span class='ocrx_word' id='word_1_298' title='bbox 522 3460 642 3525; x_wconf 78' lang='lat' dir='ltr'><strong>humani</strong></span> <span class='ocrx_word' id='word_1_299' title='bbox 657 3463 793 3522; x_wconf 82' lang='lat' dir='ltr'><strong>industrii</strong></span> <span class='ocrx_word' id='word_1_300' title='bbox 806 3467 926 3544; x_wconf 81' lang='lat' dir='ltr'><strong>scriptis,</strong></span> 
     </span>
     <span class='ocr_line' id='line_1_42' title="bbox 30 3545 925 3626; baseline 0 -20"><span class='ocrx_word' id='word_1_301' title='bbox 30 3547 116 3624; x_wconf 86' lang='lat' dir='ltr'><strong>Spiritus</strong></span> <span class='ocrx_word' id='word_1_302' title='bbox 125 3551 155 3610; x_wconf 90' lang='lat' dir='ltr'><strong>S.</strong></span> <span class='ocrx_word' id='word_1_303' title='bbox 165 3551 296 3626; x_wconf 74' lang='lat' dir='ltr'><strong>quasdam</strong></span> <span class='ocrx_word' id='word_1_304' title='bbox 304 3547 412 3624; x_wconf 77' lang='lat' dir='ltr'><strong>seligat,</strong></span> <span class='ocrx_word' id='word_1_305' title='bbox 424 3567 512 3622; x_wconf 89' lang='lat' dir='ltr'><strong>eaque</strong></span> <span class='ocrx_word' id='word_1_306' title='bbox 523 3545 635 3606; x_wconf 85' lang='lat' dir='ltr'><strong>discribi</strong></span> <span class='ocrx_word' id='word_1_307' title='bbox 645 3558 724 3604; x_wconf 86' lang='lat' dir='ltr'><strong>curet</strong></span> <span class='ocrx_word' id='word_1_308' title='bbox 734 3567 785 3625; x_wconf 89' lang='lat' dir='ltr'><strong>per</strong></span> <span class='ocrx_word' id='word_1_309' title='bbox 795 3547 925 3623; x_wconf 81' lang='lat' dir='ltr'><strong>aliquam,</strong></span> 
     </span>
     <span class='ocr_line' id='line_1_43' title="bbox 30 3628 927 3708; baseline 0.006 -23"><span class='ocrx_word' id='word_1_310' title='bbox 30 3633 164 3708; x_wconf 78' lang='lat' dir='ltr'><strong>trisingula</strong></span> <span class='ocrx_word' id='word_1_311' title='bbox 189 3632 289 3690; x_wconf 90' lang='lat' dir='ltr'><strong>dictet.</strong></span> <span class='ocrx_word' id='word_1_312' title='bbox 331 3630 381 3688; x_wconf 86' lang='lat' dir='ltr'><strong>Ad</strong></span> <span class='ocrx_word' id='word_1_313' title='bbox 405 3631 519 3686; x_wconf 89' lang='lat' dir='ltr'><strong>tertium</strong></span> <span class='ocrx_word' id='word_1_314' title='bbox 532 3628 726 3705; x_wconf 85' lang='lat' dir='ltr'><strong>respondetur,</strong></span> <span class='ocrx_word' id='word_1_315' title='bbox 751 3630 825 3705; x_wconf 87' lang='lat' dir='ltr'><strong>qubd</strong></span> <span class='ocrx_word' id='word_1_316' title='bbox 840 3629 927 3706; x_wconf 85' lang='lat' dir='ltr'><strong>inspi-</strong></span> 
     </span>
     <span class='ocr_line' id='line_1_44' title="bbox 30 3708 925 3790; baseline -0.004 -20"><span class='ocrx_word' id='word_1_317' title='bbox 30 3715 73 3770; x_wconf 80' lang='lat' dir='ltr'><strong>ratio</strong></span> <span class='ocrx_word' id='word_1_318' title='bbox 83 3713 197 3790; x_wconf 81' lang='lat' dir='ltr'><strong>Spiritirs</strong></span> <span class='ocrx_word' id='word_1_319' title='bbox 209 3713 241 3774; x_wconf 88' lang='lat' dir='ltr'><strong>S.</strong></span> <span class='ocrx_word' id='word_1_320' title='bbox 253 3717 310 3770; x_wconf 88' lang='lat' dir='ltr'><strong>non</strong></span> <span class='ocrx_word' id='word_1_321' title='bbox 321 3709 452 3770; x_wconf 74' lang='lat' dir='ltr'><strong>excludat</strong></span> <span class='ocrx_word' id='word_1_322' title='bbox 462 3710 585 3768; x_wconf 86' lang='lat' dir='ltr'><strong>laborem</strong></span> <span class='ocrx_word' id='word_1_323' title='bbox 598 3722 626 3768; x_wconf 89' lang='lat' dir='ltr'><strong>et</strong></span> <span class='ocrx_word' id='word_1_324' title='bbox 644 3708 768 3766; x_wconf 86' lang='lat' dir='ltr'><strong>studium</strong></span> <span class='ocrx_word' id='word_1_325' title='bbox 787 3709 925 3785; x_wconf 84' lang='lat' dir='ltr'><strong>inquisiti-</strong></span> 
     </span>
     <span class='ocr_line' id='line_1_45' title="bbox 29 3790 924 3878; baseline 0.004 -28"><span class='ocrx_word' id='word_1_326' title='bbox 29 3795 79 3866; x_wconf 78' lang='lat' dir='ltr'><strong>onis3</strong></span> <span class='ocrx_word' id='word_1_327' title='bbox 90 3795 127 3860; x_wconf 88' lang='lat' dir='ltr'><strong>sic</strong></span> <span class='ocrx_word' id='word_1_328' title='bbox 139 3795 218 3858; x_wconf 85' lang='lat' dir='ltr'><strong>enim</strong></span> <span class='ocrx_word' id='word_1_329' title='bbox 229 3793 420 3878; x_wconf 69' lang='lat' dir='ltr'><strong>sumptoresin</strong></span> <span class='ocrx_word' id='word_1_330' title='bbox 434 3792 582 3862; x_wconf 86' lang='lat' dir='ltr'><strong>scribendo</strong></span> <span class='ocrx_word' id='word_1_331' title='bbox 592 3791 782 3864; x_wconf 83' lang='lat' dir='ltr'><strong>movebantur,</strong></span> <span class='ocrx_word' id='word_1_332' title='bbox 798 3803 830 3858; x_wconf 80' lang='lat' dir='ltr'><strong>nt</strong></span> <span class='ocrx_word' id='word_1_333' title='bbox 839 3790 924 3854; x_wconf 79' lang='lat' dir='ltr'><strong>etism</strong></span> 
     </span>
    </p>
   </div>
   <div class='ocr_carea' id='block_1_3' title="bbox 0 0 1106 4052">
    <p class='ocr_par' dir='ltr' id='par_1_10' title="bbox 0 0 1106 4052">
     <span class='ocr_line' id='line_1_46' title="bbox 0 0 1106 4052; baseline 0 0"><span class='ocrx_word' id='word_1_334' title='bbox 0 0 1106 4052; x_wconf 95' lang='lat' dir='ltr'><strong> </strong></span> 
     </span>
    </p>
   </div>
  </div>
 </body>
</html>
