2248 4070
403 153 445 196 nn
466 151 611 196 naerens.
914 129 972 188 391

45 301 84 360 N.
101 302 150 358 91.
190 298 248 358 DE
270 297 552 360 PROMISSIONE
573 293 734 363 QUARTI
749 289 975 354 PRAECEPTI.

46 465 70 522 1.
87 463 249 522 Promissio
262 464 362 539 quarti
370 465 516 540 precepti.
557 461 596 519 Il.
615 459 748 519 Continet
759 459 849 516 uitam
861 457 987 514 ditetur-¹

88 563 168 613 nom,
225 543 287 602 111.
310 543 356 602 Et
372 543 496 622 felicem,
552 541 604 600 1v.
633 545 704 601 Item
731 551 876 598 remanum.
940 536 978 594 V.

88 625 275 684 Proemutare
289 626 479 698 nomenatus,
521 623 574 682 VI.
603 623 774 701 Verr'fioutur
794 621 949 698 procursio

91 789 117 846 I·
132 788 307 852 QUARTO
320 803 462 866 praeoepto
476 787 587 847 additur
600 787 661 844 haec
675 785 840 863 promissio:
856 781 926 842 “Ut
940 782 979 841 sis

50 875 68 904 “
83 870 229 946 longaevus
243 889 327 948 super
340 870 468 940 terram,”
492 884 522 928 et
535 871 600 928 ideo
616 867 770 946 Apostolus
791 867 826 924 ad
842 865 981 942 Ephesios

50 972 113 1028 cap.
126 955 154 1009 6.
161 952 197 1008 V.
212 954 239 1012 2.
247 963 329 1010 vocat
338 954 500 1010 mandatum
508 951 566 1010 hoc
574 957 591 986 “
600 951 720 1028 primum
732 950 758 1004 in
767 947 950 1026 promissione
956 945 979 1012 ;’'

50 1053 109 1090 non
124 1033 202 1108 quasi
217 1031 375 1108 hoosolum
400 1033 515 1091 haberet
538 1033 591 1090 sibi
614 1030 826 1109 promissionem
842 1029 981 1105 junctam,

51 1117 103 1172 sed
129 1115 194 1190 qnia
218 1113 301 1172 habet
314 1115 524 1192 promissionem
547 1113 716 1190 specialem
737 1111 887 1185 cim-alia,
910 1129 939 1166 r.
953 1130 981 1186 g.

52 1197 186 1272 primum,
200 1196 291 1254 solirm
315 1196 435 1254 habeant
455 1197 653 1273 promissiones
672 1193 824 1270 generales,
849 1205 882 1251 ut
903 1203 993 1250 notat.

54 1278 85 1336 S.
101 1277 303 1355 Hieronymus.

95 1359 175 1423 Quin
190 1359 313 1416 continet
326 1357 388 1418 haeo
400 1358 572 1437 promissio?
645 1357 648 1366 ’

95 1441 138 1497 ΙΙ.
167 1441 203 1498 R.
238 1445 280 1497 1⁰.
308 1441 401 1498 Vitam
430 1441 588 1498 diuturnam
616 1439 804 1516 corporalem
832 1439 881 1514 qui
908 1437 984 1495 enim

55 1537 153 1598 gratus
168 1535 211 1580 est
225 1523 260 1579 de
285 1522 420 1580 beneficio
442 1535 567 1598 accepto,
593 1541 644 1578 seu
658 1524 693 1578 de
717 1523 774 1578 vita
793 1519 983 1597 aparentibus

55 1603 895 1762 ”tittlttttl’tltttltttlttlttttltt..·.
910 1682 984 1750 a...

57 1778 91 1824 nt
105 1765 249 1843 colligitur
259 1787 294 1824 ex
304 1767 459 1824 Deuteron.
468 1787 528 1843 cap.
540 1768 567 1824 5.
576 1767 612 1824 V.
626 1768 672 1824 16.
684 1779 713 1822 et
722 1767 758 1822 ad
771 1765 874 1841 Ephes.
884 1782 945 1841 cap.
956 1766 985 1821 6.

55 1849 93 1905 V.
109 1849 139 1906 3.
163 1856 181 1882 “
193 1849 235 1908 Ut
247 1850 319 1906 bene
333 1847 370 1906 sit
383 1849 434 1907 tibi
446 1848 468 1918 ;''
482 1848 536 1906 hoo
549 1860 601 1920 est,
614 1861 647 1905 ut
660 1847 780 1905 feliciter
793 1861 822 1905 et
836 1847 886 1904 diu
910 1847 985 1903 vivas

56 1941 267 2007 superterram.

99 2011 154 2069 IV.
183 2013 231 2069 30.
260 2010 436 2069 Promittitur
461 2011 519 2069 vita
546 2023 650 2068 aeterna
673 2009 770 2067 saltem
792 2009 928 2084 figurate;
947 2008 988 2065 ita

58 2093 134 2150 enim
151 2093 272 2170 explieat
288 2093 442 2170 Apostolus
457 2095 552 2152 dicens
566 2095 591 2149 l.
605 2093 641 2150 ad
653 2090 777 2150 Timoth.
793 2113 854 2169 cap.
869 2092 896 2148 4.
910 2090 946 2146 V.
959 2090 988 2146 8.

59 2181 78 2207 “
93 2174 443 2312 pietas...promissionem
465 2173 570 2233 habens
593 2174 669 2244 vitm,
692 2193 755 2250 quae
782 2193 857 2232 nunc
884 2185 935 2240 est,
957 2183 986 2228 et
1076 2189 1077 2198 ¹

59 2263 78 2294 “
106 2255 223 2313 uturae.”
269 2283 271 2290 >

101 2335 210 2396 Contri
225 2337 289 2394 filiis
303 2337 396 2416 impiis
409 2339 439 2396 in
452 2349 581 2414 parentes
596 2337 740 2414 Scriptum
755 2336 784 2395 S.
804 2355 859 2394 non
877 2335 987 2392 tantiam

59 2431 190 2487 mortem,
213 2421 263 2476 sed
290 2419 373 2476 otiam
387 2420 588 2488 infelicitatem,
612 2419 800 2495 ignominiam,
825 2432 855 2475 et
875 2435 987 2473 omnem

60 2500 286 2557 maledictionem
301 2501 504 2558 comminatur:
524 2521 613 2577 usque
627 2502 697 2558 adeo
711 2513 743 2557 ιιι
756 2501 839 2557 etiam
854 2499 987 2556 inseram

59 2582 253 2658 posteritatem
270 2582 429 2640 maledictio
443 2583 655 2653 transmittatur,
670 2595 701 2639 ut
715 2595 793 2659 patet
816 2581 845 2638 in
868 2580 988 2656 posteris

62 2662 164 2722 Cheru.

104 2744 257 2802 Promissio
270 2743 405 2803 haecvitre
418 2745 552 2821 longoerae
564 2745 676 2824 proprie
692 2739 803 2820 quidem
819 2743 939 2821 pertinet
953 2744 990 2800 ad

62 2826 156 2902 legem
173 2838 293 2884 veterem
306 2849 313 2894 ς
329 2827 479 2887 Christiani
490 2839 584 2885 tamen
598 2829 633 2884 ab
647 2845 681 2884 ea
694 2847 750 2883 non
764 2841 829 2884 sunt
842 2825 935 2892 alieni,'
957 2837 990 2881 ut
1080 2857 1086 2876 1

63 2908 187 2966 insinuat
202 2910 357 2986 Apostolus
370 2910 406 2967 ad
422 2909 526 2986 Ephes.
546 2929 571 2966 c.
586 2911 613 2965 6.
638 2909 752 2966 eandem
778 2907 989 2985 promissionem

63 3009 116 3066 pro
130 3009 202 3047 nova
216 2991 277 3066 lege
298 3009 526 3048 commemorans.

106 3071 201 3135 Quare
215 3091 281 3148 ergo
295 3071 345 3128 filii
359 3073 472 3147 quidam
486 3071 525 3149 pii
539 3071 568 3128 in
582 3083 711 3148 parentes
725 3069 810 3127 vitam
834 3069 991 3146 longaevam

64 3171 121 3210 non
136 3156 368 3228 consequuntur?

108 3233 144 3291 V.
161 3233 196 3292 R.
212 3235 285 3294 Cum
300 3232 416 3294 Catech.
433 3235 516 3292 Rom.
531 3233 595 3309 quia
609 3233 717 3309 longior
732 3233 857 3294 virenon
871 3231 992 3308 estrpsrs

67 3315 215 3384 salutaris;
239 3316 311 3374 bona
324 3317 397 3374 enim
414 3315 576 3393 temporalia
589 3335 645 3371 non
660 3316 763 3372 cadunt
776 3317 828 3371 sub
851 3315 991 3381 meritum,

67 3394 307 3535 nisisinppantirm
333 3398 494 3456 conducant
518 3399 553 3455 ad
576 3395 827 3454 remunerationem
851 3408 999 3464 atomum,-

68 3491 107 3535 art
143 3518 152 3534 .
213 3497 300 3536 omas.

111 3561 156 3616 2⁰.
170 3559 245 3623 Quia
259 3561 331 3618 forte
344 3559 472 3618 imminet
485 3560 581 3637 patrim
595 3571 644 3618 aut
664 3558 777 3617 familiae
801 3559 901 3617 acerba
922 3558 994 3618 cala·

70 3641 171 3698 mitae:
192 3652 261 3699 tnnc
275 3641 348 3700 enim
364 3655 454 3700 morte
468 3642 612 3710 tolluntur,
628 3661 665 3698 ne
678 3660 728 3717 per
741 3659 803 3698 eam
826 3641 995 3716 affligantur,

69 3736 103 3779 ut
116 3723 219 3799 saepius
233 3723 336 3781 accidit
352 3721 481 3782 Sanctis:
502 3724 576 3780 unde
589 3723 771 3780 metuendum
786 3721 944 3798 aliqnando,
959 3741 997 3778 na

70 3805 164 3879 gravia
172 3803 245 3864 mma
253 3804 424 3877 immineant
436 3806 503 3864 dum
511 3805 564 3884 piis
574 3803 732 3863 hominibus
740 3803 842 3863 accidit
850 3804 987 3863 immatarr

71 3905 155 3944 mors.
968 3905 971 3912 ¹
