2216 4056
146 95 203 152 176
534 109 704 152 incrinus

180 253 218 313 R.
232 253 309 313 Dist.
320 251 385 332 maj.
397 253 587 312 inordinatum
600 268 646 314 est
659 255 724 333 plns
738 254 837 312 timere
849 253 946 310 'minus
961 253 1084 321 malum,

140 337 329 412 comparando
342 335 413 393 illud
426 337 463 394 ad
476 335 568 412 majus
584 338 699 406 malum,
715 355 795 394 conc.
807 335 873 412 maj.
886 335 1086 394 inordinatum

141 430 185 476 est
197 417 291 474 minus
304 417 408 475 malurn
430 417 495 494 plns
511 418 627 488 timere,
649 419 675 476 si
696 418 768 476 illud
789 423 807 452 “
817 416 898 493 plus”
922 417 1087 494 accipiatur

140 499 283 576 negative,
297 511 327 558 et
339 499 400 556 sind
414 499 621 576 comparatione
634 501 671 560 nd
684 499 773 577 majus
786 499 902 567 malum,
921 517 989 574 neg.
1017 499 1087 574 maj.

141 582 217 638 unde
241 580 326 638 timor
346 580 454 638 servilis
477 581 606 656 negative
630 581 739 640 tactim
764 581 867 638 dicitnr
887 580 953 656 plus
978 579 1087 638 timere

141 681 252 740 penam
266 662 350 738 quim
364 661 485 738 culpam,
498 662 583 719 mcuti
596 663 659 738 quis
672 661 802 739 negative
824 662 888 739 plus
912 661 1012 736 diligit
1032 664 1088 719 fra·

142 757 215 802 trem
229 743 314 820 quim
326 755 444 821 patrem,
459 744 528 802 dnm
542 744 685 820 diligendo
699 746 812 804 fratrem
833 763 891 800 non
913 743 1028 820 cogitat
1051 746 1086 800 de

180 838 232 884 lte.

142 845 278 974 118Ριιιιιι,
292 907 329 964 ad
342 925 425 982 quam
438 905 570 965 ιὶιιιιιιιιιι
583 908 722 984 pertineat
735 906 820 966 timor
832 906 969 966 servilis?

182 989 241 1046 111.
261 988 299 1046 R.
313 988 458 1047 Pertinere
471 989 507 1046 ad
520 989 654 1048 virtutem
668 989 729 1066 spei
740 1007 749 1048 r
763 989 829 1064 qnia
842 989 924 1047 sicuti
940 1007 994 1065 per
1004 1008 1086 1065 spem

144 1070 273 1132 desidem
286 1070 345 1128 Dei
357 1070 577 1146 possessionemr
597 1071 639 1129 ita
650 1091 702 1149 per
721 1073 838 1129 eandem
863 1072 993 1128 detestor
1019 1090 1089 1146 pec-

145 1165 208 1210 cata
230 1171 264 1210 ac
286 1171 382 1228 pmnas
404 1150 539 1227 geliennre
563 1152 629 1210 inde
652 1152 825 1230 promeritas,
851 1152 992 1228 quatenns
1020 1165 1087 1210 sunt

145 1233 288 1294 exclusiva
300 1231 483 1311 possessionis
495 1233 598 1290 summi
612 1235 687 1292 boni.

146 1396 184 1456 N.
202 1398 268 1456 106.
310 1393 369 1454 AN
391 1395 529 1454 TlMOR
552 1395 739 1456 SERVILIS
762 1395 905 1455 POSSIT
924 1396 1088 1458 EXCLU-

266 1477 383 1536 DERE
404 1476 697 1572 VOLUNTATEVM
719 1477 959 1538 PECCANDI?

142 1642 171 1700 1.
197 1639 297 1700 Timor
309 1639 422 1698 servilis
430 1649 524 1718 pom-rt
535 1641 684 1701 excludere
694 1640 868 1700 unluutntem
873 1642 1024 1720 peccandi
1038 1642 1087 1699 ad·

287 1721 419 1793 solutum,
460 1722 502 1780 11.
523 1722 592 1781 Nou
612 1733 707 1782 tumeo
726 1724 937 1781 antecedentem.

187 1883 527 1946 LUTHERUSdocuit
539 1886 668 1946 timorem
684 1886 812 1945 servilem
826 1905 881 1944 non
894 1885 1009 1944 tentrirn
1026 1906 1086 1944 esse

143 1969 262 2037 malum,
287 1968 338 2026 sed
360 1966 444 2025 etiam
468 1967 560 2025 fucere
581 1967 722 2026 hominem
737 1967 922 2046 hypocritam,
944 1987 980 2025 ac
994 1969 1087 2042 magis

148 2061 344 2127 peccatorem:
369 2068 453 2124 quem
473 2067 593 2106 errorem
609 2051 771 2126 proscripsit
791 2051 853 2107 Leo
864 2049 904 2106 X.
925 2061 957 2106 et
972 2049 1087 2107 Concil.

147 2132 276 2192 ..Trident
298 2131 373 2190 Sese.
393 2133 422 2187 6.
441 2149 503 2188 can.
523 2132 551 2187 8.
573 2131 710 2190 Doctrina
723 2131 783 2189 lraec
798 2131 816 2189 a
830 2131 987 2195 Quosnello
1002 2151 1087 2188 renn-

147 2225 211 2271 vata
224 2213 326 2270 iterum
339 2211 496 2289 prescripta
516 2213 570 2269 fuit
583 2213 612 2268 in
627 2213 711 2270 Bulla
732 2220 750 2246 “
762 2213 939 2289 Unigenitus.
941 2212 958 2234 ''

187 2295 212 2353 1.
232 2293 416 2352 Dicendum
409 2294 502 2369 igitur,
518 2295 593 2369 qudd
608 2294 691 2352 timor
704 2295 812 2354 servilis
825 2295 978 2354 excludere
993 2298 1084 2372 possit

144 2376 320 2434 uoluntatem
344 2375 479 2452 peccandi
506 2375 663 2434 absolutam
690 2387 719 2436 et
739 2387 976 2452 consequentem
998 2377 1101 2453 proutl

147 2457 280 2535 supponit
295 2457 373 2516 Trid.
390 2455 465 2516 sess.
482 2457 528 2514 l4.
543 2477 604 2533 cap.
618 2461 647 2516 4.
661 2459 728 2515 dum
743 2459 778 2515 de
801 2458 942 2515 attritione
962 2471 1029 2516 orta
1052 2449 1101 2555 erl

147 2539 249 2598 timore
263 2539 370 2598 dicit.‘
373 2537 424 2596 ‘Si
437 2537 609 2596 solenitatem
623 2540 758 2616 peccandi
771 2538 926 2597 excludat?

190 2620 247 2682 Sed
261 2621 351 2696 gravis
362 2630 405 2678 est
415 2621 612 2690 controversia,
623 2641 659 2678 en
670 2621 754 2679 timor
762 2621 870 2679 servilis
879 2641 909 2678 se
920 2621 984 2678 solo
993 2623 1085 2698 possit

148 2701 298 2761 excludere
312 2721 423 2760 omnem
434 2701 606 2760 voluntatem
620 2703 755 2780 peccandi
763 2703 847 2760 etiam
855 2703 1086 2767 antecedentem,

148 2803 204 2842 non
219 2782 332 2860 quidem
345 2782 542 2858 importantem
556 2783 688 2842 effectum
701 2785 839 2842 actualem
865 2783 908 2842 vel
932 2784 1084 2842 virtualem
1099 2799 1100 2820 ι

148 2866 267 2943 pcccati,
292 2864 341 2940 qui
362 2863 460 2939 utique
484 2878 633 2941 peccatum
654 2866 764 2924 actuale
785 2867 866 2934 foret,
894 2866 944 2923 sed
973 2869 1100 2924 untnml

148 2949 321 3007 voluntatem
332 2946 544 3012 antecedentem
549 2947 770 3025 etdispositionis
775 2946 922 3006 habitualis
931 2959 1087 3006 contracte:
1099 2943 1100 3020 l

149 3040 315 3107 especceto
323 3026 484 3096 commisso,
493 3039 522 3086 et
536 3026 713 3090 habitualiter
722 3028 866 3098 manentis,
879 3029 970 3088 donec
980 3042 1086 3087 retrac-

149 3112 251 3170 tetur?

190 3183 291 3251 lte.
317 3190 366 3250 Ad
388 3188 460 3248 hanc
484 3192 667 3266 quastionem
685 3192 882 3269 Augustinieni
906 3203 935 3250 et
955 3191 1084 3268 plerique

150 3274 340 3332 Lovnnienses
354 3273 524 3350 respondent
538 3273 686 3349 negative:
700 3275 767 3350 qnia
775 3272 857 3349 juxta
871 3271 1042 3349 principium
1056 3275 1084 3332 S.

151 3355 253 3413 Thom.
270 3355 296 3411 1.
310 3357 339 3413 2.
353 3375 380 3430 q.
398 3357 427 3412 6.
440 3366 491 3412 art.
504 3357 535 3412 6.
549 3355 632 3412 timor
645 3375 696 3431 per
717 3376 748 3414 se
772 3375 828 3414 non
849 3354 976 3412 excludit
998 3374 1084 3412 omne

150 3435 368 3494 involuntarium
380 3437 534 3494 secunditm
548 3435 634 3510 quid;
656 3450 685 3494 et
699 3436 764 3495 hinc
792 3439 817 3494 1.
840 3439 868 3494 2.
890 3449 990 3511 quaest.
1017 3438 1084 3493 107.

151 3530 202 3575 art.
220 3519 246 3572 1.
259 3515 337 3572 ad2.
350 3518 481 3592 expresse
495 3518 609 3574 dicit:‘
612 3517 690 3581 ‘Qui
704 3519 804 3576 timore
818 3537 908 3595 pmnae
929 3518 964 3575 ab
989 3517 1099 3592 aliquo*

153 3603 301 3675 “peccato
316 3595 444 3666 abstinet,
458 3617 515 3656 non
529 3597 732 3674 simpliciter
707 3619 767 3676 ejus
781 3598 938 3658 voluutas
924 3617 941 3658 a
965 3613 1082 3674 peccato
1098 3611 1099 3634 ¹

93 3687 96 3692 '
142 3685 171 3722 ··“
175 3676 306 3742 secedim
323 3675 395 3736 sicut
419 3680 524 3742 recedit
548 3680 674 3738 voluntas
698 3681 766 3758 ejus,
790 3682 846 3758 qui
851 3699 945 3743 amore
962 3675 1099 3755 justitia

154 3753 329 3818 “abstinet
319 3775 336 3812 a
348 3759 489 3832 peccatol'
