2224 4050
359 91 402 132 ns
417 91 623 140 viarurruos.
886 65 888 69 ’
916 80 964 138 35³

61 237 147 300 Unde
160 237 348 317 rejiciendum
370 236 426 298 hoc
438 235 634 298 haeretieorum
649 251 837 302 commentum
853 239 886 322 (l
899 253 965 320 quw

24 341 75 378 non
95 320 220 378 multllm
243 321 329 378 disus
351 319 521 384 Quesnollus
545 339 625 397 prop.
650 318 714 398 95.)
727 324 803 398 quod
827 323 956 385 Ecclesia

23 421 129 478 semper
142 401 298 479 majoribus
312 401 433 460 tenebris
446 401 612 470 involvatur,
626 413 656 460 et
669 421 727 480 prae
740 405 819 466 senio
831 403 965 483 aliquan·=

22 485 56 542 do
69 483 186 554 deliret,
201 497 251 542 aut
264 493 410 544 senectute
424 483 545 542 deficiat.
1023 541 1026 548 ,

59 565 127 624 Hoc
140 565 259 641 quidem
274 565 392 625 concedi
405 577 507 641 potest,
521 564 599 639 quod
611 563 711 624 Patres
724 565 870 628 viciniores
883 581 955 628 tem·

20 648 132 723 poribus
148 646 364 724 Apostolorum,
388 659 420 704 ut
435 645 464 704 S.
480 645 561 705 Hier.
576 645 653 721 Aug.
677 647 730 706 irc.
750 649 853 708 fuerim
866 651 956 728 magis

20 728 171 786 illuminati
185 728 271 806 quim
285 727 431 788 moderni:
453 728 504 788 sed
517 740 612 788 umen
625 727 700 786 idern
719 728 815 791 lumen
829 729 913 792 hodie
926 733 965 790 in.

20 823 76 870 toto
90 829 213 887 corpore
229 809 367 868 Ecclesiae
381 809 529 878 invenitur,
544 809 612 868 dum
626 829 676 868 nos
687 830 722 870 ex
737 831 834 872 eorum
845 813 955 890 scriptis

20 891 218 968 cognoscimus
228 891 367 959 scutatos,
379 911 447 965 ques
455 889 497 950 illi
505 890 594 968 magis
602 889 763 952 immediato
773 914 823 973 per
834 893 967 973 spiritns·

21 973 113 1034 Sancti
126 974 295 1034 unctionem
309 972 475 1034 didicerunt.
963 1010 967 1020 .

212 1135 318 1228 ⁸2²4·
346 1133 411 1194 -DE
427 1133 624 1198 SYMBOLO
638 1135 754 1196 FIDEI

281 1297 316 1362 S·
335 1297 435 1358 Hom.
448 1307 540 1375 quart
555 1299 582 1358 1.
599 1299 699 1360 arc-9.

17 1459 231 1541 LSyeabolaou
251 1459 347 1528 Fidei.
388 1458 507 1520 11.·Est
519 1463 716 1520 convenienter
725 1461 852 1538 sactum.
891 1464 952 1526 111.

53 1541 427 1620 qursutuorsymbolo.
470 1541 522 1602 lv.
538 1543 808 1620 Quareonrplora
818 1545 954 1622 symbolo.

51 1625 89 1682 V.
105 1623 233 1683 οοωεῑο
242 1618 363 1701 poholt·
373 1622 497 1687 Niooeoi.
507 1625 559 1682 Vl.
573 1623 618 1682 Et
631 1624 954 1704 constantinopolitani.

50 1705 122 1764 Vll.
140 1705 319 1782 Symbolum
327 1706 362 1766 S.
375 1705 542 1768 Auctoris.
583 1705 675 1772 v111.
686 1705 832 1769 Ordinure
844 1709 954 1786 mbo·

50 1787 112 1846 lum
126 1798 243 1866 spectat
253 1790 295 1848 ad
307 1787 488 1865 Pontificem·

48 1949 161 2016 QUID
176 1961 223 2008 est
239 1950 405 2028 Symbolum
420 1949 506 2011 fideii

48 2031 72 2090 1.
91 2033 131 2094 R.
148 2031 206 2090 Est
221 2051 338 2102 mmma,
360 2053 411 2090 seu
421 2032 555 2092 collectio
568 2032 751 2108 quorumdam
772 2031 952 2092 articulorum

16 2113 81 2181 fidei,
107 2113 248 2191 primaria
260 2115 295 2172 ab
309 2115 438 2178 omnibus
457 2115 597 2172 credenda
610 2113 769 2173 summatim
782 2133 951 2192 proponens.

49 2198 96 2262 An
111 2196 172 2256 fuit
187 2196 368 2264 conveniens,
392 2195 548 2273 praecipuos
561 2195 628 2256 fidei
641 2194 773 2254 articulos
789 2197 968 2256 summatim·

15 2277 195 2354 proponere?
222 2311 226 2316 -
376 2291 381 2298 ·
590 2289 594 2298 '
965 2307 969 2322 .

48 2359 89 2417 11.
104 2358 147 2416 R.
162 2355 375 2418 Affirmstiver
389 2357 435 2416 1⁰.
456 2359 491 2418 ad
508 2357 665 2416 faciliorem»
683 2357 809 2415 fidelium
833 2357 967 2418 instruc-u

16 2439 123 2498 donem.

50 2523 91 2578 2⁰.
108 2521 154 2582 Ut
169 2521 284 2579 facilior
297 2519 364 2580 fidei
378 2520 469 2580 unitas
480 2531 544 2582 ‚toto
558 2521 624 2578 orbe
638 2532 803 2580 servaretur.

50 2605 96 2660 3⁰.
113 2603 160 2663 Ut
182 2603 360 2680 professione
376 2603 504 2679 Symboli
517 2602 614 2662 fideles
627 2602 663 2660 ab
675 2600 834 2659 infidelibus
848 2601 950 2660 discer-

16 2697 151 2746 ueremur.

49 2768 96 2824 40.
119 2766 169 2824 Ne
184 2764 358 2842 simplicium
372 2764 442 2822 fides
456 2766 491 2822 ab
506 2763 665 2822 infidelibus
678 2775 910 2840 corrumperetur.

17 2847 85 2916 Quot
97 2862 292 2906 numerantur
307 2845 441 2924 Symbola
456 2847 544 2906 fideii
608 2867 610 2870 ·
909 2867 911 2875 ⁴

50 2930 103 2988 ΙΙΙ.
118 2929 158 2990 R.
175 2931 317 2995 Quarum,
332 2927 441 2986 scilicet
452 2925 619 3006 Symbolum
630 2925 841 3013 Apostolorum,
856 2923 951 2986 Nice.

17 3031 83 3080 num,
98 3009 450 3086 constantinopolitannm
465 3021 494 3068 et
510 3009 541 3068 S.
556 3007 713 3066 Athanasii.
763 3011 766 3018 ‘

51 3092 185 3169 Symboli
198 3111 311 3168 qnoque
321 3103 457 3157 naturam.
469 3091 523 3148 etsi
533 3109 710 3156 nouuomeu,
723 3087 806 3148 habet
814 3088 950 3165 professio

18 3173 81 3242 fidei,
96 3193 188 3250 quam
206 3173 278 3232 Pius
291 3172 342 3248 lV.
357 3172 487 3230 Pontifex
498 3191 534 3230 ex
548 3171 668 3229 decretis
679 3171 758 3228 Trid.
772 3169 950 3247 praescripsit,

17 3268 42 3311 et
61 3257 95 3313 ab
118 3255 258 3312 omnibus
281 3255 317 3312 ad
340 3253 436 3312 munia
455 3273 541 3322 sacra,
566 3253 667 3330 gradus
692 3251 876 3322 academicos,
899 3249 951 3310 &o

17 3336 214 3412 promovendis
228 3335 411 3396 emittendam
426 3353 490 3393 eum
500 3334 662 3413 juramento
675 3333 801 3395 sancivit.

52 3419 148 3484 Quare
162 3417 250 3496 plura
264 3417 399 3496 Symbola
412 3415 440 3476 in
456 3417 586 3476 Ecclesia
598 3415 810 3492 proponuntur?
853 3477 856 3484 ,
880 3441 882 3450 ’
919 3435 922 3442 ·

53 3499 103 3558 lv.
147 3500 189 3558 R.
201 3519 270 3572 ¹curn
285 3499 315 3557 S.
331 3497 487 3558 'rhomo-t.
501 3499 548 3558 cit.
563 3499 598 3558 ad
613 3500 641 3556 2.
668 3495 861 3556 “Dicendum
876 3495 967 3571 quod.

19 3587 32 3612 “
43 3581 68 3642 in
82 3582 220 3642 omnibus
246 3579 388 3658 Symbolis
410 3581 508 3637 eadem
532 3578 599 3636 fidei
613 3579 713 3636 veritas
726 3579 877 3642 docentum
900 3575 966 3635 scd.

20 3667 33 3694 “
43 3665 78 3721 ibi
92 3675 212 3741 oportet
234 3662 370 3740 populum
394 3661 555 3737 diligentiis
573 3659 672 3718 instrui
686 3659 728 3718 de·
742 3657 949 3722 fidei-verines.

21 3753 34 3775 ‘⁴
43 3745 89 3802 ubi
103 3764 217 3804 emeres
241 3744 397 3820 insurgunt,
420 3761 456 3800 ne
469 3743 539 3800 fides
559 3740 727 3817 simplicium
741 3759 791 3816 per
804 3735 944 3796 haereticor

21 3834 35 3858 ¹⁸
46 3839 261 3905 corrumpatur:
282 3839 312 3884 ct
325 3823 386 3884 haec
400 3825 453 3884 luit
467 3843 559 3894 causa,
572 3841 658 3898 quare
672 3839 786 3882 necesse
797 3818 852 3912 fuir
866 3819 936 3876 oden
