2188 4052
299 221 304 228 .
344 188 388 231 nu
407 179 571 232 ιωιιιιι.
866 171 925 232 168

23 340 103 402 tatibus
123 345 150 394 ot
171 333 258 392 tedio
282 331 397 403 rictum,
421 351 487 392 oum
512 331 626 392 Αιίιιιίι
646 331 868 392 communicasse
891 353 925 394 ac

24 417 185 496 subscripsisse
201 415 372 474 damnationi
387 414 536 472 Athanasii
549 434 606 472 non
621 414 657 472 oh
672 412 733 492 ejus
757 415 854 488 fidem,
873 415 927 476 sed¹

21 513 109 582 propter
120 497 235 558 crimina
246 497 281 554 ab
296 496 410 554 Arianis
418 497 495 554 laiso
510 494 628 572 objecta.

50 580 146 642 Deinde
159 577 324 655 subscripsit
337 577 466 636 formulae
482 577 646 654 Syrmiensi,
661 594 734 653 quse,
756 577 883 654 quamvis
896 580 926 638 in

24 685 46 723 u
60 661 232 720 subticeretur
262 678 316 717 vox
348 657 647 728 “consubstantialis'’
681 658 722 716 nil
756 660 927 720 contrarium

21 736 68 804 fidei
80 741 242 810 continebat,
256 739 369 799 tametsi
382 741 469 799 fidem
481 739 557 798 haud
571 739 743 798 sufficienter
752 741 929 818 explicaret:

22 849 45 886 ιι
56 825 143 901 quibus
156 822 274 900 proinde
288 821 399 899 probari
411 821 519 898 nequit,
541 820 686 879 Liberium
708 822 794 880 fuisse
816 821 928 888 haereti·

21 928 74 975 mn,
87 903 208 982 quemvis
222 903 250 960 in
265 903 350 962 modo
364 903 465 979 agendi
479 901 623 980 bpeccato
636 921 692 960 uon
707 915 866 962 excusetur.

48 987 101 1063 0tj.
113 985 168 1044 111.
183 985 367 1043 HonoriusI.
380 984 435 1044 fuit
449 983 659 1044 Monothelita:
680 1003 757 1060 ergo,
774 985 826 1044 &a

48 1069 170 1128 Probatur
184 1079 275 1124 antec.
297 1066 364 1142 quia
385 1067 414 1123 in
429 1065 560 1144 Epistola
581 1065 616 1124 ad
632 1065 760 1142 Sergium
783 1066 907 1140 docet'
898 1087 928 1126 m
1050 1095 1056 1104 ·

20 1150 107 1212 tirou
119 1167 213 1218 marn,
227 1167 285 1206 non
298 1148 368 1206 duas
381 1167 443 1206 esse
456 1147 624 1206 miuntstes.
718 1175 720 1182 ¹

47 1233 77 1290 li.
95 1229 165 1307 Neg
182 1242 274 1288 antec.
298 1228 549 1306 adprobationem
573 1228 685 1298 dicitur,
710 1229 819 1304 qubd
811 1249 839 1288 ιιι
865 1228 929 1288 istis

20 1311 129 1390 Epistolis
141 1331 200 1369 non
213 1311 367 1388 negaverit,
378 1310 408 1368 in
417 1309 531 1370 Christo
544 1309 614 1369 duas
625 1309 791 1380 voluntates,
806 1310 929 1370 divinam

17 1393 204 1462 ubumauams
225 1393 276 1452 sed
289 1392 398 1450 motum
413 1381 498 1468 negat
520 1391 590 1450 duas
610 1391 746 1450 humanus
771 1391 932 1452 voluntates

18 1487 159 1569 prgaqntes,
173 1493 259 1532 unam
273 1473 373 1542 curnis,
392 1473 509 1532 altorem
531 1472 655 1550 spiritis,
674 1473 803 1550 quales
795 1493 824 1532 ru
847 1474 930 1534 nohis

19 1557 160 1634 experimur,
176 1555 278 1632 quihus
292 1575 328 1614 ex
341 1555 440 1613 vitiata
464 1554 571 1631 origine
593 1573 658 1614 caro
682 1555 857 1632 concupiscit
879 1556 932 1617 ad·

21 1639 91 1696 vonis
111 1637 264 1714 spiritum:
295 1635 494 1714 precepitque,
520 1645 552 1696 ut
573 1633 591 1693 ir
616 1635 759 1695 vocabulis
783 1637 866 1696 unius
884 1637 932 1696 vol

20 1721 112 1778 lurum
127 1718 306 1777 voluntatum
319 1717 514 1788 abstineretur,
534 1736 570 1776 ne
592 1737 628 1776 er
649 1717 761 1778 diverso
783 1719 930 1778 verborum

20 1801 142 1858 intellectu
156 1800 279 1858 omretur
294 1799 431 1859 Schisma.

45 1881 175 1940 instabis:
193 1881 324 1958 Synodus
335 1883 364 1939 6.
376 1879 518 1940 domm
529 1878 689 1940 Honorium
699 1891 831 1958 tanquam
841 1879 932 1941 here·

18 1964 101 2022 icum:
174 1983 203 2033 o,
217 1964 300 2022 &oa

45 2045 75 2102 R.
97 1983 214 2123 Sppvgim
228 2064 293 2103 cum
308 2043 472 2120 quibusdam
487 2044 556 2114 vult,
571 2054 634 2102 acta
646 2042 727 2102 istius
743 2043 849 2122 Synodi
868 2059 931 2104 etse

18 2138 132 2203 innupta,
148 2139 180 2184 et
202 2145 307 2185 nomen
329 2123 451 2184 Honorii
474 2125 656 2184 substitutum
678 2125 743 2184 loco
769 2125 930 2186 Theodori:

21 2207 106 2266 redhoc
115 2221 311 2266 commentum
319 2207 402 2280 docte
411 2207 516 2266 refutat
526 2205 727 2266 Thomassiuus
737 2208 934 2268 ᾱὶιιιιιιιιιιιι

20 2289 120 2348 tuus
142 2308 173 2346 n.
188 2291 218 2346 6.

46 2371 96 2427 Alii
108 2309 221 2440 dicunt,
234 2369 381 2447 Synodum
394 2372 424 2428 6.
433 2369 645 2430 condemnando
656 2367 815 2430 Honorium
826 2389 934 2430 amasse

19 2451 102 2510 scilicit
129 2471 228 2510 errore
250 2451 322 2510 ,iacti
345 2453 421 2512 mere
443 2451 605 2529 personalis,
632 2471 688 2510 non
718 2452 792 2512 circa
819 2471 932 2510 sensum

19 2531 130 2591 tentem
146 2547 280 2592 textuum
295 2533 536 2608 dogmatioommr
556 2553 669 2610 nempe,
689 2534 776 2603 aiunt,
792 2533 933 2610 judicium

21 2613 104 2690 Synodi
117 2615 176 2672 luit
190 2634 268 2673 mers
282 2613 434 2684 criminale,
448 2633 504 2672 nou
515 2615 726 2692 dogmaticum
743 2615 934 2710 principaliter

19 2697 70 2753 euin
84 2698 258 2772 querebatur
272 2696 307 2753 de
321 2715 440 2772 persona
453 2695 594 2758 Ηοιιιιίἱι
614 2696 692 2756 uarie
711 2696 848 2774 Epistulae
873 2695 934 2773 ejus

19 2778 134 2878 primariisx
140 2777 280 2836 discussae
294 2796 350 2835 non
374 2789 448 2848 sunt,
474 2790 506 2836 ut
528 2778 721 2874 inquireretur
735 2780 772 2838 de
792 2778 934 2854 «logmata,

17 2859 51 2918 red
62 2861 172 2918 tautum
188 2871 221 2916 nt
234 2877 352 2935 persona
368 2856 586 2935 judicarutum⁸
579 2879 607 2916 ιι
632 2879 689 2936 quo
708 2859 818 2938 judicio
834 2860 934 2920 Eccle-

17 2940 67 2996 siam
80 2961 175 3000 errare
189 2961 274 3018 posse
286 2939 439 3000 admissum
454 2952 498 3000 est
512 2939 599 3000 Num.
614 2941 664 3000 81.

45 3021 97 3080 Alii
112 3023 225 3092 dicunt,
242 3021 423 3082 Honorium
415 3041 444 3080 ur
461 3021 619 3100 synodos.
639 3023 801 3082 damnatum
814 3041 888 3082 ιιιι
902 3034 935 3082 ut

17 3099 107 3160 heresis
121 3105 276 3174 fautorem,
292 3123 348 3160 nou
363 3103 428 3162 verb
441 3116 474 3162 ut
494 3101 678 3162 hereticum:
670 3103 764 3162 ·buio
788 3103 937 3164 sententiae

20 3183 81 3252 hrot,
95 3186 176 3262 qubd
191 3184 254 3242 Leo
268 3184 308 3242 11.
302 3203 372 3260 .an
364 3183 457 3261 'Syn
471 3185 663 3256 conformavit,
673 3187 756 3244 variis
767 3184 936 3244 locissolirm

19 3279 93 3341 egum
118 3265 247 3326 Honorii
271 3265 469 3342 negligentiam
494 3278 524 3326 et
545 3267 795 3369 impudentiam&
806 3269 861 3344 qui
884 3268 936 3326 im·

22 3348 204 3407 “maculatam
219 3344 303 3406 tidem
326 3346 461 3406 maculari
484 3347 638 3426 permisitr'
640 3347 735 3406 'item
761 3350 836 3426 qubd
862 3349 939 3409 Con·

22 3429 134 3488 monus
151 3419 318 3505 Pogonatus
332 3429 498 3506 Imperator,
519 3430 568 3507 qui
588 3430 635 3488 isti
650 3431 779 3489 Concilio
801 3431 938 3500 interluit.

24 3511 171 3570 condemnet
182 3510 341 3568 Honorium
355 3523 488 3586 tanquam
498 3509 612 3570 heresis
626 3511 773 3583 fautorem,
788 3525 938 3572 concurso·

24 3605 62 3647 tan
72 3605 100 3650 et
113 3592 354 3652 confirmatorem.
395 3592 501 3650 Verum
517 3593 629 3669 quidem
655 3605 707 3662 est,
731 3595 807 3670 qubd
830 3595 939 3652 dicatur

25 3677 36 3702 ⁸⁴
42 3672 159 3732 Honorio
175 3673 321 3732 Haeretico
333 3671 509 3742 Auathema,
509 3673 524 3696 ”
539 3676 588 3732 sed
602 3673 698 3734 Patres
709 3675 782 3734 inter
792 3671 939 3732 hereticos

25 3754 168 3814 ethutores
183 3753 323 3814 hereseos
343 3774 400 3814 non
425 3755 554 3814 ridentur
568 3754 744 3814 dhtinaissor
765 3755 886 3814 saltem
878 3771 939 3829 ipss

24 3834 83 3892 vebs
96 3835 218 3896 Petrum
234 3835 440 3898 conniventiam
456 3835 576 3896 Honorii
590 3836 683 3915 potiris
704 3836 788 3913 quam
813 3846 939 3914 sportam

22 3908 110 3976 heresis
123 3917 335 3997 professionem
354 3929 495 3978 accusant.
