2226 4064
251 103 294 146 on
315 101 458 156 ursone}
478 63 692 146 obturans.
880 85 941 146 tte

51 246 170 308 Secloto
179 247 254 318 odio,
267 248 368 310 alinde
378 261 513 328 sequatur
523 247 767 325 scandalnminter
778 246 855 326 ipsos
868 259 898 306 et
904 247 941 325 *in

16 330 218 399 communitate,
231 341 265 388 nt
285 331 347 390 fieri
370 331 451 400 solet,
476 330 591 390 eatenis
611 341 730 408 peccent
753 329 874 405 graviter
894 331 941 390 vel

15 411 108 470 leviter
121 431 173 489 pro
186 413 342 488 quantitate
355 413 489 472 scandali.
531 413 562 472 si
575 425 670 470 tamen
682 424 748 470 ente
762 423 859 470 essent
877 431 943 490 spe·

15 492 117 551 cialiter
129 493 223 568 amici,
236 514 293 552 non
306 507 437 554 tenmtur
460 495 648 569 redintegrare
671 492 821 570 specialem
844 493 941 552 amici-

14 575 83 641 tiam,
99 575 166 649 quia
177 595 214 633 οι
227 574 281 634 bac
290 577 440 644 omissione
449 596 508 634 non
520 587 668 634 estuatum
679 574 759 650 sequi
767 573 941 650 scandalum,

14 655 91 713 modb
104 675 137 714 oe
150 654 272 716 habeant
284 659 321 716 ad
334 658 465 732 invicem,
480 657 553 716 sicut
566 657 603 716 od
617 667 734 716 coeteros
747 657 911 719 confratres.

24 815 58 877 N.
75 818 147 879 188.
187 819 288 884 QUAE
308 819 363 878 ET
380 819 538 886 ‘QUALIS
558 818 733 880 INJURIA
752 817 926 880 INIMIGO

278 900 342 960 Str
364 901 674 962 REMITTENDA?
986 914 988 926 ¹

13 1061 32 1122 l.
48 1059 247 1142 Dcpooeodrre
258 1066 352 1123 omnis
364 1063 491 1144 affictus¹
499 1065 562 1124 odii
573 1073 600 1122 ct
612 1064 755 1122 vindicte.
794 1062 835 1120 ll.
854 1059 944 1125 Aelio

56 1152 156 1203 tecm
169 1148 363 1223 reparationis
376 1146 493 1223 iry‘urioe
500 1167 557 1224 per
570 1147 600 1205 'se
611 1165 671 1204 ιιοιι
683 1145 761 1204 debet
772 1145 887 1202 emitti.

44 1303 67 1363 l.
81 1305 435 1379 PRAENOTANDUM‚
446 1310 501 1370 tria
514 1330 550 1371 ex
564 1307 664 1386 injuria
673 1307 751 1366 illeta
765 1305 830 1364 oriri
840 1326 941 1384 posset

12 1387 126 1464 primum
140 1401 305 1460 esttamen,
324 1391 489 1461 amaritudo,
513 1389 723 1450 malevolentia
733 1388 778 1448 vel
799 1389 945 1466 appetitus

12 1467 159 1528 vindictae'
151 1491 182 1528 ιιι
195 1472 289 1530 animo
302 1472 387 1542 illias,
402 1492 447 1530 cur
440 1471 602 1532 'insertor
594 1469 714 1548 injuria:
728 1483 757 1530 et
770 1471 862 1548 quood
875 1469 946 1540 boc,

10 1514 941 1704 ltmttllitlllllltlztdldtdllllttt‘¹3:32

13 1651 144 1772 deliine
158 1727 269 1792 peteret
282 1656 425 1794 veniarii,
412 1729 495 1794 Juxta
513 1718 585 1796 illud
599 1714 705 1778 Matth.
719 1654 824 1792 caqu.
838 1654 876 1772 d.
892 1715 941 1772 1⁵.

10 1793 64 1852 “si
77 1814 137 1854 non
151 1797 313 1855 dimiseritis
334 1795 501 1870 bominibus,
525 1819 579 1858 nec
601 1809 682 1875 pater
702 1809 796 1855 vester
815 1795 945 1856 dimittet·

13 1877 117 1936 “vobis
130 1891 249 1954 peccata
263 1879 379 1938 vestra”

46 1956 210 2018 Secundm
225 1972 268 2020 est
281 1960 448 2038 significatio
461 1973 576 2022 externa
590 1927 669 2020 istius
686 1957 880 2020 amaritudinis
893 1957 941 2020 v'ol

10 2039 147 2120 persignet
161 2039 291 2100 charitati
305 2043 452 2114 contraiit,
465 2043 512 2102 vel
525 2063 575 2120 per
595 2041 771 2119 negationem
795 2040 950 2116 signorum-

12 2120 179 2182 dilectionis:
192 2135 224 2181 et
236 2123 385 2199 quidem
362 2141 443 2201 sigua
456 2123 585 2184 charitati
595 2123 742 2192 contraria,
749 2123 812 2182 sive
822 2122 878 2180 odii
889 2129 949 2199 per'

14 2221 36 2258 ιο
48 2223 191 2280 nunquam
206 2204 274 2264 licet
287 2206 444 2274 ostendere,
455 2206 535 2284 signa
547 2221 641 2264 tomen
655 2203 787 2282 specialia
799 2223 856 2262 non
867 2223 950 2262 scm·.

14 2303 52 2360 per
62 2297 130 2342 sunt
144 2284 303 2346 exbibenda
311 2285 394 2363 juxte
408 2287 495 2347 Nom.
509 2288 631 2364 praeced.
946 2329 950 2336 -

44 2365 81 2424 ll.
97 2365 228 2429 Tertium
243 2381 287 2426 est
296 2369 352 2445 jus,
366 2369 410 2428 vel
424 2370 499 2428 actio
513 2370 550 2428 ed
563 2367 672 2446 injurim
685 2367 771 2426 illntae
785 2365 829 2424 vel
845 2365 940 2424 damni

14 2447 228 2522 reparationem:
250 2464 279 2508 et
293 2452 429 2526 quantdm
444 2451 480 2510 ad
495 2450 548 2510 boc
561 2471 616 2508 non
631 2463 759 2508 tenemur
772 2447 951 2524 satisfactio-J

11 2545 65 2584 noem
79 2529 205 2590 debitam
219 2531 334 2590 inimico
345 2533 505 2592 remittere:
520 2533 585 2609 quia
595 2531 729 2594 babemus
737 2533 784 2608 jus
796 2531 830 2588 ad
842 2530 941 2588 illam=

15 2627 53 2684 per
65 2611 197 2682 accidens
211 2626 306 2672 tamen
320 2611 440 2672 ebaritas
454 2614 573 2672 subinde
586 2613 674 2689 exigit
693 2611 939 2688 condonationem,
949 2655 952 2660 .

15 2693 767 2854 {ntilleillelllgttlltpllltl
774 2693 943 2850 ‘llll

16 2851 70 2910 leso
94 2857 251 2916 obveniret.
292 2858 458 2954 Aliquando
480 2872 573 2916 temen
594 2857 738 2918 remittere
759 2877 815 2914 ιιοιι
839 2855 943 2914 liceret

15 2933 111 3010 injuriae
124 2939 338 3033 reparatlopem‚
354 2959 380 2996 v.
372 2961 422 3016 ..g
436 2940 461 2998 si
474 2940 601 3016 superior
614 2939 686 2997 fami
699 2939 751 2998 sui
764 2958 819 2996 non
842 2958 893 3014 pro
906 2957 938 2996 εο

15 3019 119 3087 anton,
134 3021 184 3078 scd
200 3020 288 3096 magis
302 3019 480 3114 proeliorum
495 3023 570 3078 bono
583 3034 613 3080 et
625 3021 716 3078 salute
731 3019 877 3114 indigeret,
892 3019 937 3076 vel

16 3099 43 3154 sit
54 3099 163 3176 injuria,
178 3121 243 3177 qam
257 3103 310 3160 toti
325 3102 438 3162 semilise
451 3103 592 3162 infamiam
608 3115 723 3172 crearet,
737 3101 790 3160 nisi
812 3100 942 3160 satisfac
945 3164 949 3176 J

12 3179 79 3238 ¹tione
88 3178 210 3257 juridici
225 3197 378 3260 reperetur.
948 3240 952 3252 ,

47 3261 207 3322 Cavendum
222 3277 325 3336 temen,
339 3285 375 3324 ne
389 3265 463 3324 actio
477 3265 525 3324 ille
539 3265 700 3324 instituatur·
721 3283 757 3322 ex
780 3263 855 3330 odio,
876 3261 942 3320 vin-

18 3341 86 3412 dicta,
100 3343 146 3402 vel
159 3345 216 3404 alio
230 3367 316 3422 pravo
330 3347 402 3414 fine3
422 3348 471 3406 sed
486 3348 515 3406 id
529 3347 589 3404 lieri
603 3348 687 3404 debct
700 3366 736 3404 ex
756 3358 833 3404 recta
846 3344 938 3402 inten-

18 3423 79 3482 tione
84 3446 205 3504 ,nempe
221 3429 263 3486 vel
279 3429 315 3486 od
328 3429 454 3488 bouum
446 3427 576 3504 injuriam
591 3428 674 3506 paesi,
691 3428 736 3486 vel
748 3427 784 3486 ed
807 3425 942 3484 emenda·

20 3517 108 3643 {prem
121 3522 172 3568 ant
186 3508 403 3568 cohibitionem
396 3508 553 3587 injuriantis
566 3510 612 3568 vel
624 3510 662 3569 ad
672 3509 794 3586 quietem
810 3507 938 3578 aliorum,

50 3669 195 3732 Quomodo
209 3673 333 3748 practice
346 3671 554 3750 procedendum
569 3673 606 3730 sit
626 3692 690 3730 com
714 3691 759 3740 eo,
780 3670 829 3745 qui
851 3667 938 3728 confi

22 3761 120 3812 tetarse
136 3753 201 3812 odio
215 3752 530 3872 babuisseproximum,
549 3753 636 3814 videri
656 3765 752 3834 potest
773 3751 859 3810 Num.
885 3751 933 3808 95.

21 3833 242 3897 “dol'sccatisl'
