2248 4070
390 107 432 152 ue
453 107 598 154 temnus.
779 137 781 142 -
901 96 961 156 383

11 253 82 318 ,nisi
93 253 141 314 hic
154 266 184 314 ot
196 265 272 314 nunt
286 273 350 312 sum
365 251 684 331 eleemosynandum
697 255 830 316 deberes:
845 269 961 317 excuset

14 337 102 394 enim
118 337 272 396 necessitas
285 334 398 412 proprie
410 334 455 391 vel
470 335 569 394 eliens.
681 385 683 394 .

67 418 222 481 Quomodo
236 417 393 495 superiores
407 428 467 478 tum
482 417 629 478 seculares
643 428 702 476 tum
716 416 907 480 Ecclesiastioi
919 422 961 480 rei
974 429 987 440 '

15 497 96 555 fiant
110 499 270 558 violationis
296 495 380 566 Festi,
406 517 469 572 quae
490 497 523 555 fit
544 517 595 574 per
616 499 751 569 subditos,
775 499 832 562 lotis
846 501 961 562 deducit

18 579 170 650 Pnuwsls‚
184 581 233 640 ubi
247 582 283 640 do
296 579 381 640 tertio
394 578 533 654 Dsmlogi
546 593 697 656 praecepto.

69 659 199 722 Tandem
212 662 395 730 consuetudo,
410 661 474 718 oum
488 661 576 736 possit
590 661 723 737 detegere
736 661 793 738 logi
804 662 959 726 Ecclesiae.

17 741 102 811 tion,
118 743 144 803 si
158 744 286 820 legitimo
298 740 474 818 tueritjuxta
487 742 661 804 conditiones
677 743 762 802 Num.
785 745 833 802 59.
855 757 884 804 et
907 749 957 806 60.

17 823 138 894 allatas,
153 835 230 902 steps
239 825 311 896 ¹lacit
326 844 412 901 opere
423 824 510 891 litim,
524 843 587 900 quae
601 823 670 884 aliis
682 843 740 884 non
760 825 894 886 licerent:
917 828 959 888 sic

19 924 49 960 v.
81 925 111 982 g.
139 905 208 964 olibi
241 906 441 982 poimittuntur
474 906 606 964 nundinae
640 925 691 982 pei·
720 907 959 967 consuetudinem.

19 986 191 1064 Episcopus
205 999 298 1046 tumen
313 987 545 1045 consuetudinem
565 988 643 1046 illem
658 999 751 1063 potest
764 991 905 1066 abrogans,
926 1003 959 1052 ut

19 1067 113 1126 docet
129 1070 236 1128 Bensd.
251 1069 332 1131 XIV.
345 1069 394 1130 lib.
409 1070 436 1128 7.
458 1074 476 1104 “
486 1069 522 1127 de
538 1068 606 1146 Syn.
620 1069 760 1130 Dioeces.’'
774 1090 835 1148 cap.
848 1073 877 1128 3.

43 1230 85 1288 N.
109 1233 178 1290 85.·
204 1231 262 1292 DE
284 1229 476 1290 PECCATO
498 1229 693 1290 MORTALI
713 1231 938 1292 DlE'FESTO

379 1311 612 1375 COMMISSO.

96 1477 124 1536 1.
142 1475 299 1536 Peccatum
311 1474 429 1541 mortale
441 1493 500 1534 coc
512 1485 554 1534 set
561 1474 682 1554 proprii
695 1422 897 1554 opusnest]

67 1639 134 1698 AN
147 1651 294 1716 peccatum
309 1638 427 1698 mortale
440 1651 487 1696 est
498 1658 569 1716 opus
582 1638 682 1698 servile
696 1639 742 1700 die
755 1639 852 1704 Festo⁴
863 1638 958 1716 probi.

22 1721 143 1780 bitum?
954 1770 957 1778 .

65 1803 97 1860 1.
112 1803 150 1860 R.
166 1803 238 1861 Cum
255 1802 368 1869 suarez,
391 1801 532 1878 Wiggors,
556 1801 608 1860 &c
629 1820 687 1860 non
708 1821 791 1860 omne
810 1788 957 1879 pectitum

24 1885 150 1944 mortale
163 1881 192 1942 in
206 1903 289 1942 sensu
313 1883 425 1959 proptio
438 1897 468 1946 et
490 1882 591 1940 litei-nli
612 1897 656 1940 set
678 1899 748 1958 opus
762 1884 871 1954 servile,
893 1887 958 1948 otim

25 1965 121 2041 possit
135 1984 196 2024 esse
210 1966 287 2026 merc
302 1965 451 2033 internum,
466 1977 495 2022 et
509 1963 672 2022 brevissimo
689 1977 814 2040 tempore
828 1967 958 2026 commis.

25 2068 103 2116 sum,
117 2067 152 2106 ec
165 2047 236 2104 odeo
249 2046 333 2106 tortio
346 2059 489 2123 praecspto
501 2062 558 2105 non
577 2044 756 2122 prohibitum.
953 2098 956 2108 ,

67 2128 139 2205 Obj.
156 2129 180 2185 I.
196 2127 224 2186 S.
240 2125 342 2184 Thom.
365 2130 392 2186 2.
408 2129 436 2184 2.
460 2139 559 2202 qumst.
587 2129 653 2184 122.
677 2146 703 2184 e.
727 2131 756 2186 4.
779 2128 814 2186 sd
836 2129 865 2185 3.
879 2128 959 2196 dicit,

27 2229 113 2268 omne
141 2221 211 2286 opus
231 2207 458 2286 ‘peccaminosum
483 2228 544 2268 esse
568 2229 639 2285 opus
660 2209 767 2277 servile,
784 2208 867 2286 juxto
887 2209 961 2285 illud

29 2291 113 2350 doun.
140 2311 201 2367 cup.
225 2293 252 2348 8.
277 2291 313 2348 V.
334 2291 383 2349 tt.
404 2289 492 2355 “Qui
518 2291 586 2348 fecit
614 2284 769 2368 peccatum,
790 2311 888 2350 servus
915 2303 959 2354 ,ost

30 2379 47 2405 ‘⁴
62 2372 176 2449 peccati
187 2371 211 2430 :'’
232 2392 307 2447 ergo,
322 2373 374 2430 &u
1000 2371 1003 2384 ¹

71 2455 110 2512 R.
137 2453 211 2530 Neg.
234 2472 345 2528 conseq.
370 2453 441 2512 ratio
463 2465 515 2518 est,
539 2452 606 2528 quis
628 2473 699 2530 opus
723 2452 831 2529 peccati
856 2453 960 2518 dicitut

29 2537 140 2594 tontum
162 2535 264 2594 ¹scutilo
289 2536 317 2592 in
345 2553 429 2592 sensu
451 2533 641 2610 metaphorice
669 2547 699 2592 st
725 2534 854 2608 mystico,
875 2549 981 2611 prout

30 2617 157 2693 explicet
170 2617 230 2694 ipso
246 2617 275 2682 S.
296 2615 350 2676 Th.
363 2617 393 2674 in
406 2618 436 2674 3.
449 2616 514 2674 diet.
533 2617 582 2674 27.
594 2630 646 2673 mt.
660 2617 688 2673 5.
707 2627 806 2690 quest.
832 2617 859 2674 2.
880 2617 916 2676 od
930 2618 959 2674 2.

26 2698 82 2773 jam
98 2712 197 2758 eutem
210 2700 293 2756 verbe
307 2699 377 2774 legis
391 2710 457 2756 sunt
470 2697 652 2773 intelligendo
665 2697 694 2754 iu
708 2717 792 2755 sensu
805 2697 917 2776 proprio
930 2711 961 2754 ot

31 2780 141 2848 literali,
157 2799 213 2836 non
227 2779 425 2856 metaphon'co.

69 2861 143 2918 Inst.
160 2861 190 2920 S.
205 2860 305 2918 Thom.
321 2861 390 2922 dicit
403 2860 516 2926 ibidem,
531 2877 596 2922 sum
612 2859 699 2934 magis
713 2871 809 2918 contin
819 2857 872 2918 hoc
886 2873 958 2936 prae⁴
995 2861 1003 2882 ³

32 2955 145 3018 ceptum
162 2961 252 3018 egere,
267 2943 315 3018 qui
329 2955 427 3019 peccat
441 2942 487 2998 die
501 2941 583 3009 sesto,
603 2941 689 3015 quim
703 2941 751 3016 qui
764 2940 841 2998 aliud
859 2960 961 3018 corpo.⁸

31 3023 87 3080 mle
103 3043 176 3100 opus
190 3021 257 3082 aliis
271 3024 379 3082 licitum
395 3023 461 3082 fecit
473 3044 480 3080 ι
493 3039 562 3098 ergo
575 3029 661 3080 sentit
673 3034 819 3100 peccatum
840 3019 958 3083 mortulo

32 3125 91 3164 csse
106 3123 179 3180 opus
193 3102 293 3162 servile
307 3105 413 3162 directi
427 3103 606 3181 prohibitum.

71 3187 110 3244 R.
118 3186 197 3246 Dist.
210 3205 331 3262 sssump.
346 3187 434 3264 magis
446 3186 505 3261 egit
518 3197 615 3244 contro
624 3196 795 3261 praeceptnm
810 3181 962 3262 prohibens.

34 3287 117 3344 opera
130 3267 250 3336 servilia,
265 3285 337 3344 nego
351 3287 472 3343 sssump.
487 3268 574 3343 magis
588 3267 646 3342 ugit
659 3279 756 3324 contra
779 3267 864 3338 finem
888 3285 959 3343 prm·
1014 3317 1017 3324 .

34 3350 294 3425 cepti‘inquontdm
319 3361 467 3426 peccatum
491 3349 584 3428 magus·
601 3345 719 3424 impedit
742 3349 914 3407 vacationem
929 3349 961 3414 iu

34 3432 114 3488 rebus
127 3431 240 3497 divinis,
255 3429 337 3506 quim
352 3449 423 3508 opus
437 3431 545 3499 servile,
559 3431 684 3490 concedo
707 3443 841 3506 assumpt.
862 3431 958 3489 verium

36 3511 93 3570 linis
107 3513 159 3570 ills
172 3511 237 3570 huic
250 3529 390 3589 praecepto
403 3523 548 3588 reputetur
561 3512 742 3580 extrinsecus,
763 3512 889 3588 meoque
903 3530 961 3570 non
1007 3505 1010 3514 ¹

37 3594 107 3652 cadit
121 3595 174 3651 sub
188 3605 339 3670 praeopto,
355 3607 386 3650 ut
400 3594 506 3652 dictum
521 3604 564 3650 est
579 3592 665 3652 Num.
677 3595 728 3650 48.
755 3619 756 3623 ¹

73 3675 221 3752 Distingui
235 3675 318 3734 etism
333 3688 426 3752 potest
440 3685 573 3750 assumpt.
587 3672 641 3732 hoo
663 3674 767 3732 modo:
789 3674 877 3750 magis
900 3674 960 3748 agit

38 3770 130 3814 conten
143 3755 198 3814 hoc
211 3771 382 3834 preceptum
396 3755 515 3834 mystici
527 3755 712 3825 intellectum,
733 3767 959 3834 oenomaum

37 3837 178 3897 litemliter
191 3838 375 3909 intellectum,
388 3857 462 3916 nego
481 3848 615 3914 assumpt.
733 3878 735 3883 ,
