2228 4076
238 136 282 180 nn
302 137 452 184 vrnrurn
469 137 684 184 ousnrrerrs.
876 115 937 176 219

39 279 74 338 ll·
88 279 235 364 Quantum
249 283 286 343 ad
299 285 385 344 verba
398 283 521 365 Moysis,
539 286 586 344 1⁰.
600 283 722 362 intelligi
745 293 865 362 possunt
886 280 938 360 hy·

15 361 146 433 terbolioe,
159 364 196 421 ad
210 363 424 441 significandum
435 366 661 426 ardentissimum
671 385 754 424 suum
764 363 938 424 desiderium

15 443 34 500 le
45 443 137 503 salute
150 445 258 522 populi.

37 528 81 583 2⁰.
102 527 209 604 Accipi
222 540 341 604 possunt
355 529 431 588 dicta
445 531 481 590 de
494 530 567 590 libro
578 529 733 588 viventium
748 525 795 587 hic
809 528 838 586 in
852 540 936 597 term,

15 617 139 666 tsensus
153 608 191 666 sit
202 629 210 667 ι
225 609 251 667 si
264 629 322 668 non
334 611 425 689 parcis
438 611 555 692 populo,
564 631 610 671 me
624 609 680 670 uni
695 629 760 669 oum
774 611 837 688 ipsc
850 610 937 668 inter-

15 705 55 745 ue.

35 771 80 827 3⁰.
103 769 136 830 Si
151 770 325 848 intelligatur
338 773 375 832 de
388 772 461 832 libro
475 775 749 852 predestinatorum,
760 791 859 832 senens
873 783 936 830 ost:
986 827 988 832 .

15 861 42 909 ut
54 852 119 911 dele
130 872 178 911 me
189 853 225 911 de
236 853 307 912 libro
318 859 378 926 tuo,
389 869 439 914 snt
449 856 560 914 dimitte
571 856 612 915 eis
623 855 695 915 hauc
706 875 808 914 noxam
820 879 828 924 3
842 865 937 914 certus

15 943 85 990 utem
99 951 173 1003 erat,
188 934 264 1010 qnod
278 935 360 995 Deus
384 937 477 1014 ipsum
501 958 558 996 non
583 950 659 996 esset
684 937 848 996 deleturusr
870 955 938 1012 ergo

15 1016 123 1084 subet,
138 1028 172 1074 nt
185 1016 267 1074 Dens
281 1030 427 1094 peccatum
444 1019 542 1098 populi
556 1019 731 1078 dimitteret:
753 1019 830 1076 undo
851 1019 937 1076 verbe

15 1093 41 1152 lla
53 1115 88 1154 ex
102 1117 217 1156 summa
229 1098 333 1158 fiducia
346 1100 382 1158 de
397 1100 455 1160 Dei
477 1121 544 1178 erga
565 1101 658 1179 ipsum
681 1119 777 1160 amore
797 1100 935 1178 procede·

15 1190 67 1236 ent.
223 1205 225 1212 ·

35 1258 120 1323 Quod
127 1259 232 1318 attinet
245 1261 281 1319 ad
294 1262 379 1322 rerba
389 1263 531 1342 Apostoli,
542 1263 591 1322 illa
601 1263 630 1322 in
640 1262 739 1342 primis
750 1261 836 1321 ctiam
845 1262 935 1339 accipi

15 1353 109 1400 ossuut
123 1339 315 1418 hyperbolice.

35 1424 81 1481 2⁰.
95 1423 189 1483 Juxta
200 1423 309 1499 aliquos
324 1424 427 1502 Apoet.
441 1438 521 1505 optat
538 1447 592 1504 pro
612 1428 730 1485 fratrum
753 1425 844 1485 salute
866 1445 933 1483 ana-

15 1497 180 1574 iematizari,
194 1505 224 1562 id
238 1517 290 1574 est,
304 1507 429 1567 adinstar
442 1510 564 1568 victimae
579 1507 747 1585 expiationis
771 1507 935 1583 gravissima

15 1603 112 1662 paequo
126 1605 162 1644 ac
172 1586 379 1646 acerbissimam
388 1602 506 1649 mortem
518 1589 577 1668 pati
589 1611 597 1648 ε
612 1591 654 1648 sic
662 1589 737 1648 enirn
747 1589 777 1646 in
789 1588 935 1668 Scriptura

15 1665 30 1724 l·
40 1668 208 1743 quandoque
221 1669 357 1746 accipitur
370 1691 425 1730 vox
440 1669 596 1730 anathema.

37 1749 84 1806 3⁰.
102 1750 210 1809 Sensus
224 1769 286 1808 esse
300 1765 403 1828 potest,
417 1753 570 1812 ut'Paulus
584 1773 641 1810 non
653 1751 803 1829 optaverit,
818 1752 869 1810 sed
884 1771 936 1828 op·

15 1839 77 1888 isset
90 1831 121 1889 in
137 1841 274 1888 aeternum
289 1846 449 1909 separatum
463 1855 525 1894 esse
539 1833 557 1892 is
570 1833 694 1902 Christo,
709 1834 733 1890 si
745 1833 775 1893 id
789 1833 849 1890 sine
863 1853 931 1910 pec-

15 1921 54 1969 no
67 1913 130 1970 lieri
143 1924 248 1990 posset,
261 1914 355 1990 potiris
369 1915 455 1992 quim
468 1917 566 1986 videri,
589 1916 667 1992 quod
681 1915 763 1974 Deus
792 1912 932 1974 dJudaein

15 1993 151 2053 ridelibus
164 1993 392 2071 blasphematum
405 1998 502 2076 sicque
515 2017 640 2056 amorem
655 1995 776 2074 proximi
790 2015 848 2053 non
858 2015 891 2072 pr
917 2029 930 2040 ·

16 2073 129 2168 ιΙξιιιιω
143 2075 237 2147 saluti,
250 2077 301 2135 sed
314 2097 438 2138 amorem
461 2091 491 2139 at
511 2079 630 2157 gloriam
643 2078 703 2137 Dei
726 2077 853 2156 pretulit
877 2014 930 2134 effi

16 2171 156 2297 pslllbiuam
171 2237 254 2296 datur
266 2251 440 2318 praeceptum
454 2240 592 2319 diligendi
605 2241 755 2318 seipsum?
794 2221 799 2226 Ι

35 2319 69 2378 R.
83 2320 253 2380 Continetur
267 2322 318 2379 sub
332 2321 406 2382 hoo:
428 2324 569 2401 “Diliges
582 2322 743 2400 proximum
759 2335 840 2382 tunm
855 2323 928 2381 sicut

16 2403 53 2458 ‘te
66 2400 187 2478 ipsum,'’
200 2414 233 2460 nt
246 2401 355 2461 dictum
373 2416 417 2463 est
432 2403 518 2463 Num.
537 2405 605 2462 129.

36 2482 109 2547 Quid
124 2482 258 2560 importat
271 2485 407 2561 particula
428 2493 446 2522 ‘⁸
457 2485 572 2546 siout?''

35 2564 72 2622 ll.
92 2564 130 2622 R.
145 2565 213 2622 Nou
227 2565 359 2642 importat
372 2567 563 2644 aequalitatem
577 2566 747 2638 dilectionis,
766 2566 818 2625 sed
831 2564 930 2624 simili·

17 2645 128 2716 tdincm‚
143 2646 183 2704 ita
195 2657 230 2704 nt
242 2645 327 2705 homo
341 2649 410 2708 velit
423 2649 551 2727 proximo
565 2651 774 2719 omnebonum,
785 2649 861 2726 qnod
875 2648 929 2706 sibi

17 2726 63 2796 ult,
77 2747 133 2785 non
146 2739 242 2786 tamen
255 2729 356 2786 eodem
366 2729 531 2790 intensionis
546 2731 644 2808 grsdm

38 2809 83 2866 Ad
96 2809 252 2885 legitimam
263 2821 357 2868 eutem
372 2812 493 2888 proximi
507 2805 687 2871 dilectionem
704 2811 735 2871 S.
749 2809 804 2870 Th.
818 2811 873 2869 tria
885 2829 930 2866 ιιι-

18 2889 79 2962 uirit
90 2911 118 2967 q.
131 2892 183 2948 44.
199 2902 251 2949 art.
267 2893 295 2948 7.
309 2892 339 2948 iu
360 2899 379 2928 “
390 2893 492 2972 Corp.”
510 2896 555 2953 1⁰.
571 2913 606 2951 ex
630 2906 709 2972 parte
722 2893 795 2960 linis,
820 2905 853 2949 ut
867 2890 930 2966 quis

18 2967 92 3047 iligat
104 2972 264 3049 proximum
277 2985 393 3050 propter
403 2975 508 3044 Deum,
523 2976 597 3034 sicut
609 2975 733 3053 seipsum
748 2973 864 3050 diligere
878 2971 931 3029 de·

18 3065 52 3120 et,
66 3066 97 3112 ut
109 3053 150 3112 sic
164 3054 281 3112 dilectio
293 3056 414 3131 proximi
428 3057 465 3115 sit
479 3070 584 3116 sancta.

40 3136 79 3193 2ο.
93 3134 232 3230 Experto
245 3135 350 3212 regulus
364 3138 531 3207 dilectionis,
546 3151 579 3196 ut
594 3136 709 3196 dilectio
723 3136 759 3193 sit
774 3132 871 3211 jueta:
892 3133 930 3190 ud

19 3217 71 3286 uod
78 3218 236 3293 requiritur,
245 3217 387 3294 utaliquis
400 3239 457 3278 non
471 3219 678 3279 condescendat
688 3217 816 3296 proximo
826 3215 856 3272 in
870 3235 929 3273 ma-

19 3293 44 3364 is,
56 3299 101 3358 sed
114 3296 207 3356 saltim
222 3299 251 3356 iu
270 3299 359 3357 bonis.
608 3321 611 3326 ·

42 3379 84 3438 ³⁰.
98 3379 143 3438 Ex
156 3391 237 3458 parte
250 3381 365 3438 rationis
379 3381 546 3450 dilectionis,
560 3393 593 3440 ut
608 3379 722 3439 dilectio
736 3379 774 3436 sit
791 3397 874 3437 vera:
894 3378 930 3436 nd

19 3461 71 3532 quod
90 3481 207 3520 necesse
230 3473 281 3529 est,
308 3474 342 3521 ut
363 3464 498 3540 procedat
521 3463 556 3520 ab
584 3482 678 3520 amore
701 3459 849 3530 benevolo,
870 3459 930 3517 sive

20 3542 135 3601 coximus
149 3561 207 3600 uon
222 3543 354 3620 diligatur
367 3557 482 3622 propter
495 3545 599 3602 bonnm
614 3543 766 3622 proprium,
781 3542 831 3600 scd
844 3561 930 3619 prop-

20 3623 150 3682 crbonum
161 3623 268 3704 ipsine:
283 3625 347 3684 vide
361 3626 445 3683 etiam
461 3625 629 3702 Analogiam
645 3623 760 3683 Berani.
774 3643 799 3682 c.
815 3624 844 3680 4.
858 3643 886 3698 q.
900 3625 929 3679 5.

44 3702 80 3762 Ex
90 3706 175 3765 dictis
185 3705 312 3782 colliges,
322 3725 463 3783 uunquam
475 3707 570 3775 licere,
582 3707 665 3764 etiam
675 3723 727 3782 pro
737 3705 828 3762 salute
842 3703 930 3761 totius

20 3787 100 3858 nundi,
113 3807 234 3866 peccare
248 3787 307 3845 eive
321 3789 484 3858 mortaliter,
498 3788 556 3845 sive
570 3787 733 3845 venialiter:
754 3785 820 3861 quia
833 3795 929 3858 ageret

20 3879 92 3928 'cnm
103 3870 211 3930 bonum
225 3868 368 3948 spirituale
382 3869 492 3942 animm,
506 3869 582 3946 quod
596 3867 722 3948 preferri
740 3868 824 3926 debet
837 3864 909 3922 aliis.
