2226 4064
155 93 216 152 226
526 115 720 162 raacraroe

158 306 160 312 Α
196 258 245 319 Sic
257 259 342 320 etiam
356 274 444 342 patet,
457 264 600 342 quomodo
613 281 680 340 erga
693 273 838 342 martyres,
850 263 978 340 qunmrie
992 265 1086 326 volun·

154 342 224 402 tarie
237 343 386 420 patiantur,
400 347 490 423 possit
503 365 565 404 ease
579 345 779 406 misericordia.

195 424 236 486 II.
257 423 454 487 Misericordia
466 441 560 488 aulem
576 427 664 486 oritur
678 427 722 486 vel
747 447 783 486 ex
806 447 909 500 amore,
934 449 991 508 quo
1005 428 1087 488 amici

153 505 259 564 malurn
273 520 385 584 reputat
392 521 425 568 ut
433 530 525 580 suum,
534 509 579 566 vel
591 529 626 568 err
637 509 859 569 consideratione
869 513 989 590 proprie
1000 510 1087 569 imbe-

153 587 288 655 cillitatis,
302 600 331 646 et
345 591 525 667 proximitate
540 611 604 650 curu
620 591 736 654 miseris.
752 589 808 669 qui
831 595 893 668 quis
915 595 960 652 vel
985 591 1087 650 similia

153 669 228 728 mula
241 682 373 748 expertus
387 685 439 743 est,
453 674 499 732 rel
513 673 598 743 ridet,
613 693 644 732 se
658 673 741 732 facile
754 673 782 730 in
797 693 831 732 ea
848 675 972 735 incidere
985 693 1086 752 posse:

153 749 220 810 hinc
233 749 364 820 humiles,
379 775 469 826 senes,
484 756 632 833 sapientes,
644 755 751 814 debiles
765 767 795 813 et
807 757 990 824 formidolosi,
1000 755 1087 830 magis

153 845 220 926 suut
233 833 436 909 misericordes,
457 839 507 898 ubi
520 839 537 896 e
551 850 649 898 contra
661 836 784 916 superbi,
798 851 937 916 potentes,
959 840 1014 898 lire„
1034 855 1087 894 nou

153 927 194 974 rte
206 931 427 978 commorentur.

313 1088 316 1098 ¹
350 1079 389 1141 N.
406 1082 474 1142 148.
515 1082 573 1142 DE
594 1080 894 1144 ELEEMOSYNA.

453 1243 490 1306 S.
508 1246 609 1306 lbera.
630 1256 728 1324 pumat.
742 1248 793 1306 82.

194 1406 218 1466 1.
237 1405 441 1486 Bormam.
482 1408 522 1470 11.
542 1407 622 1488 Ej'aa
633 1410 748 1484 divisio,
791 1409 849 1471 111.
870 1408 1052 1490 Eteffectur.

154 1525 156 1530 ’
194 1570 300 1639 Qum
314 1585 358 1632 ..a
371 1539 569 1652 eleemosyna?

194 1652 219 1712 1.
230 1653 267 1713 R.
279 1655 332 1713 Est
342 1655 509 1713 beneficium
520 1656 704 1732 indigentior
714 1657 908 1734 compassione
921 1653 1086 1732 praestitum.

154 1735 229 1801 Qum
242 1736 368 1795 delinitio
382 1736 595 1814 comprehendit
608 1738 694 1797 etiam
707 1739 917 1816 eleemosynam
932 1756 968 1794 ex
983 1736 1087 1792 motivo

153 1817 231 1875 mere
244 1818 383 1887 naturali3
402 1829 436 1876 ut
457 1839 525 1896 ergo
548 1820 732 1898 restringatur
753 1821 790 1880 ad
812 1818 1004 1881 Christianum
1025 1817 1087 1876 addi

154 1897 258 1958 debet:
280 1900 430 1977 “Propter
444 1900 567 1959 Deum.”

192 1979 283 2059 Cujus
297 1982 409 2040 virtutis
423 1993 503 2040 actus
517 1995 561 2042 est
574 1982 780 2060 ele'e'mosyna?
1105 2049 1106 2058 ,

192 2062 240 2121 R.
254 2063 307 2122 Eet
320 2075 399 2123 actus
413 2063 524 2123 elicitus
538 2065 649 2124 virtutis
663 2065 871 2134 misericordie,
891 2075 921 2122 et
935 2062 1087 2139 imperetur
1105 2065 1106 2070 ’

153 2141 312 2204 charitatis:
333 2156 428 2223 potest
441 2145 524 2204 etiarn
540 2157 695 2206 essecutus
709 2147 861 2224 imperatus
875 2144 988 2204 virtutis
1002 2145 1088 2222 pmni·

152 2225 260 2294 tentiae,
286 2228 424 2303 quatonrls
450 2226 600 2288 adhibetur
624 2229 661 2290 ad
684 2228 914 2288 satisfaciendum
943 2227 1011 2285 Deo
1039 2245 1086 2303 pro

152 2307 286 2384 peccatis,
301 2309 398 2386 sicque
412 2309 497 2368 etiam
511 2331 574 2370 esso
587 2321 682 2389 potest
695 2322 775 2370 aetus
797 2310 949 2389 imperatus
972 2309 1086 2367 aliarum

153 2389 300 2449 virtutum.

193 2470 346 2535 Quomodo
359 2471 494 2531 dividitur
507 2472 707 2552 eleemosyna?

193 2552 234 2610 11.
243 2554 321 2612 R.lu
330 2555 502 2630 corporalem
509 2552 988 2632 etepirituelemzquianeceseitates
996 2552 1088 2630 proxi·

154 2634 193 2692 mi
207 2647 273 2694 aunt
286 2636 406 2714 duplicis
420 2637 538 2713 generis,
552 2637 710 2713 corporales
724 2637 832 2694 scilicet
846 2648 876 2694 et
889 2635 1059 2712 spirituales.

196 2715 311 2793 Septem
327 2730 507 2776 numerantur
521 2718 666 2794 utriusque
680 2717 789 2795 generis
803 2737 896 2794 opera.

196 2797 292 2876 Opera
299 2799 497 2858 misericordie
505 2801 659 2878 spiritualia
667 2799 862 2878 exprimuntur
870 2797 923 2856 boc
934 2797 1087 2856 versiculo:

235 2961 400 3032 “Consule
415 2979 507 3040 carpe,
522 2963 603 3033 doec,
617 2962 718 3032 solare,
729 2962 851 3030 remitte,
865 2961 918 3030 ser,
934 2958 1010 3018 ora.”

372 3084 536 3162 Corporalia
549 3082 682 3161 exprimit
695 3082 743 3144 hie
755 3104 873 3143 versus:

227 3210 247 3243 “
257 3207 359 3278 Visito,
372 3219 449 3286 poto,
464 3207 536 3275 cibo,
551 3208 668 3276 redimo,
683 3220 759 3285 tego,
775 3205 888 3283 colligo,
903 3197 1021 3262 eond'o.”

198 3369 425 3448 Explicationem
439 3369 537 3429 horum
552 3357 668 3446 operum
684 3370 732 3428 det
745 3368 774 3428 S.
788 3367 842 3427 Tb.
856 3387 882 3427 a.
893 3370 922 3426 2.
935 3367 983 3426 De
993 3384 1088 3445 corpo·

157 3450 262 3509 ralibus
275 3452 333 3527 egit
349 3453 492 3530 Scriptura
513 3452 541 3510 S.
557 3452 663 3510 Mattb.
678 3472 702 3510 c.
717 3453 766 3509 25.

200 3531 279 3596 Quos
293 3531 409 3591 effectus
424 3534 507 3592 habet
519 3533 700 3610 eleemosyna
714 3531 889 3610 corporalis?

201 3612 258 3670 111.
279 3614 316 3672 R.
337 3615 520 3674 Considerata
533 3613 688 3674 secunddm
703 3614 895 3681 substantiam,
916 3630 968 3688 pro
989 3611 1088 3669 effectu

160 3693 246 3750 habet
270 3695 489 3754 sublevationem
514 3696 635 3754 miserim
659 3696 792 3761 alterium
823 3695 998 3754 considerata
1026 3693 1089 3748 verb

161 3775 313 3832 secundnm
335 3775 466 3836 cinerem
490 3777 691 3837 misericordie
715 3791 745 3838 et
769 3776 911 3854 charitatis
934 3774 1018 3835 babet
1040 3773 1089 3832 boe

162 3853 279 3918 effaetus
293 3856 460 3935 spirituales.
