<?xml version="1.0" encoding="UTF-8"?>
<!DOCTYPE html PUBLIC "-//W3C//DTD XHTML 1.0 Transitional//EN"
    "http://www.w3.org/TR/xhtml1/DTD/xhtml1-transitional.dtd">
<html xmlns="http://www.w3.org/1999/xhtml" xml:lang="en" lang="en">
 <head>
  <title>
</title>
<meta http-equiv="Content-Type" content="text/html;charset=utf-8" />
  <meta name='ocr-system' content='tesseract 3.04.00' />
  <meta name='ocr-capabilities' content='ocr_page ocr_carea ocr_par ocr_line ocrx_word'/>
</head>
<body>
  <div class='ocr_page' id='page_1' title='image "./theologiamorali03densgoog_0031.png"; bbox 0 0 2224 4050; ppageno 0'>
   <div class='ocr_carea' id='block_1_1' title="bbox 138 158 698 219">
    <p class='ocr_par' dir='ltr' id='par_1_1' title="bbox 138 158 698 219">
     <span class='ocr_line' id='line_1_1' title="bbox 138 158 698 219; baseline 0.007 -5"><span class='ocrx_word' id='word_1_1' title='bbox 138 158 181 214; x_wconf 75' lang='lat'>20</span> <span class='ocrx_word' id='word_1_2' title='bbox 508 173 698 219; x_wconf 76' lang='lat' dir='ltr'>reserares</span> 
     </span>
    </p>
   </div>
   <div class='ocr_carea' id='block_1_2' title="bbox 63 317 1110 3915">
    <p class='ocr_par' dir='ltr' id='par_1_2' title="bbox 136 317 1068 726">
     <span class='ocr_line' id='line_1_2' title="bbox 180 317 1067 398; baseline 0.002 -20"><span class='ocrx_word' id='word_1_3' title='bbox 180 320 218 378; x_wconf 91' lang='lat' dir='ltr'>R.</span> <span class='ocrx_word' id='word_1_4' title='bbox 244 317 382 396; x_wconf 81' lang='lat' dir='ltr'>Negando</span> <span class='ocrx_word' id='word_1_5' title='bbox 403 317 589 390; x_wconf 82' lang='lat' dir='ltr'>antecedens3</span> <span class='ocrx_word' id='word_1_6' title='bbox 609 341 673 380; x_wconf 86' lang='lat' dir='ltr'>nam</span> <span class='ocrx_word' id='word_1_7' title='bbox 695 318 764 380; x_wconf 88' lang='lat' dir='ltr'>licet</span> <span class='ocrx_word' id='word_1_8' title='bbox 786 319 927 378; x_wconf 82' lang='lat' dir='ltr'>discursus</span> <span class='ocrx_word' id='word_1_9' title='bbox 954 321 1067 398; x_wconf 89' lang='lat' dir='ltr'>qnidam</span> 
     </span>
     <span class='ocr_line' id='line_1_3' title="bbox 137 401 1067 480; baseline 0.003 -21"><span class='ocrx_word' id='word_1_10' title='bbox 137 413 370 480; x_wconf 82' lang='lat' dir='ltr'>praesapponatur</span> <span class='ocrx_word' id='word_1_11' title='bbox 389 401 425 458; x_wconf 91' lang='lat' dir='ltr'>ad</span> <span class='ocrx_word' id='word_1_12' title='bbox 447 419 588 459; x_wconf 73' lang='lat' dir='ltr'>assensum</span> <span class='ocrx_word' id='word_1_13' title='bbox 603 403 678 472; x_wconf 86' lang='lat' dir='ltr'>fidei,</span> <span class='ocrx_word' id='word_1_14' title='bbox 700 401 748 460; x_wconf 90' lang='lat' dir='ltr'>ille</span> <span class='ocrx_word' id='word_1_15' title='bbox 762 413 856 460; x_wconf 86' lang='lat' dir='ltr'>tamen</span> <span class='ocrx_word' id='word_1_16' title='bbox 869 421 926 460; x_wconf 89' lang='lat' dir='ltr'>nou</span> <span class='ocrx_word' id='word_1_17' title='bbox 945 404 1067 480; x_wconf 77' lang='lat' dir='ltr'>pertinet</span> 
     </span>
     <span class='ocr_line' id='line_1_4' title="bbox 136 483 1067 561; baseline 0.002 -20"><span class='ocrx_word' id='word_1_18' title='bbox 136 484 175 542; x_wconf 86' lang='lat' dir='ltr'>ad</span> <span class='ocrx_word' id='word_1_19' title='bbox 189 486 280 561; x_wconf 84' lang='lat' dir='ltr'>ipsum</span> <span class='ocrx_word' id='word_1_20' title='bbox 294 483 359 540; x_wconf 85' lang='lat' dir='ltr'>fidei</span> <span class='ocrx_word' id='word_1_21' title='bbox 373 501 525 552; x_wconf 78' lang='lat' dir='ltr'>assensum,</span> <span class='ocrx_word' id='word_1_22' title='bbox 539 483 587 559; x_wconf 86' lang='lat' dir='ltr'>qui</span> <span class='ocrx_word' id='word_1_23' title='bbox 601 483 764 561; x_wconf 89' lang='lat' dir='ltr'>simpliciter</span> <span class='ocrx_word' id='word_1_24' title='bbox 787 494 936 560; x_wconf 74' lang='lat' dir='ltr'>praestatur</span> <span class='ocrx_word' id='word_1_25' title='bbox 956 485 1067 543; x_wconf 85' lang='lat' dir='ltr'>veritati</span> 
     </span>
     <span class='ocr_line' id='line_1_5' title="bbox 138 563 1068 642; baseline 0.001 -19"><span class='ocrx_word' id='word_1_26' title='bbox 138 566 287 633; x_wconf 73' lang='lat' dir='ltr'>revelatae3</span> <span class='ocrx_word' id='word_1_27' title='bbox 307 565 373 639; x_wconf 85' lang='lat' dir='ltr'>quin</span> <span class='ocrx_word' id='word_1_28' title='bbox 386 563 466 630; x_wconf 83' lang='lat' dir='ltr'>Deus</span> <span class='ocrx_word' id='word_1_29' title='bbox 480 577 524 622; x_wconf 85' lang='lat' dir='ltr'>est</span> <span class='ocrx_word' id='word_1_30' title='bbox 537 585 646 624; x_wconf 81' lang='lat' dir='ltr'>summa</span> <span class='ocrx_word' id='word_1_31' title='bbox 659 566 769 636; x_wconf 88' lang='lat' dir='ltr'>veritas,</span> <span class='ocrx_word' id='word_1_32' title='bbox 790 565 838 642; x_wconf 90' lang='lat' dir='ltr'>qui</span> <span class='ocrx_word' id='word_1_33' title='bbox 851 565 993 637; x_wconf 87' lang='lat' dir='ltr'>revelavit,</span> <span class='ocrx_word' id='word_1_34' title='bbox 1009 585 1068 625; x_wconf 91' lang='lat' dir='ltr'>nou</span> 
     </span>
     <span class='ocr_line' id='line_1_6' title="bbox 139 645 586 726; baseline -0.002 -22"><span class='ocrx_word' id='word_1_35' title='bbox 139 648 205 726; x_wconf 84' lang='lat' dir='ltr'>quin</span> <span class='ocrx_word' id='word_1_36' title='bbox 217 645 365 704; x_wconf 78' lang='lat' dir='ltr'><strong>deducitur</strong></span> <span class='ocrx_word' id='word_1_37' title='bbox 378 665 414 702; x_wconf 85' lang='lat' dir='ltr'>ex</span> <span class='ocrx_word' id='word_1_38' title='bbox 426 645 586 722; x_wconf 72' lang='lat' dir='ltr'>praemissis.</span> 
     </span>
    </p>

    <p class='ocr_par' dir='ltr' id='par_1_3' title="bbox 138 727 1070 1439">
     <span class='ocr_line' id='line_1_7' title="bbox 180 727 1067 804; baseline 0.003 -20"><span class='ocrx_word' id='word_1_39' title='bbox 180 727 316 793; x_wconf 86' lang='lat' dir='ltr'>Quamvis</span> <span class='ocrx_word' id='word_1_40' title='bbox 339 747 406 804; x_wconf 80' lang='lat' dir='ltr'>ergo</span> <span class='ocrx_word' id='word_1_41' title='bbox 429 739 494 786; x_wconf 85' lang='lat' dir='ltr'>aute</span> <span class='ocrx_word' id='word_1_42' title='bbox 515 727 599 785; x_wconf 88' lang='lat' dir='ltr'>fidem</span> <span class='ocrx_word' id='word_1_43' title='bbox 619 729 702 804; x_wconf 90' lang='lat' dir='ltr'>plene</span> <span class='ocrx_word' id='word_1_44' title='bbox 722 737 885 803; x_wconf 88' lang='lat' dir='ltr'>conceptam</span> <span class='ocrx_word' id='word_1_45' title='bbox 908 727 1067 804; x_wconf 80' lang='lat' dir='ltr'>praecedere</span> 
     </span>
     <span class='ocr_line' id='line_1_8' title="bbox 138 808 1067 888; baseline 0 -22"><span class='ocrx_word' id='word_1_46' title='bbox 138 809 246 888; x_wconf 79' lang='lat' dir='ltr'>possint</span> <span class='ocrx_word' id='word_1_47' title='bbox 255 821 285 867; x_wconf 89' lang='lat' dir='ltr'>et</span> <span class='ocrx_word' id='word_1_48' title='bbox 295 808 403 866; x_wconf 85' lang='lat' dir='ltr'>soleant</span> <span class='ocrx_word' id='word_1_49' title='bbox 412 809 480 866; x_wconf 88' lang='lat' dir='ltr'>varii</span> <span class='ocrx_word' id='word_1_50' title='bbox 489 808 638 876; x_wconf 84' lang='lat' dir='ltr'>discursus,</span> <span class='ocrx_word' id='word_1_51' title='bbox 650 809 691 867; x_wconf 90' lang='lat' dir='ltr'>illi</span> <span class='ocrx_word' id='word_1_52' title='bbox 704 830 762 868; x_wconf 91' lang='lat' dir='ltr'>non</span> <span class='ocrx_word' id='word_1_53' title='bbox 771 809 912 886; x_wconf 88' lang='lat' dir='ltr'>pertinent</span> <span class='ocrx_word' id='word_1_54' title='bbox 925 811 961 867; x_wconf 90' lang='lat' dir='ltr'>ad</span> <span class='ocrx_word' id='word_1_55' title='bbox 974 809 1067 886; x_wconf 89' lang='lat' dir='ltr'>ipsum</span> 
     </span>
     <span class='ocr_line' id='line_1_9' title="bbox 139 889 1069 962; baseline 0 -14"><span class='ocrx_word' id='word_1_56' title='bbox 139 891 205 949; x_wconf 85' lang='lat' dir='ltr'>fidei</span> <span class='ocrx_word' id='word_1_57' title='bbox 218 909 370 962; x_wconf 82' lang='lat' dir='ltr'>assensum,</span> <span class='ocrx_word' id='word_1_58' title='bbox 386 889 436 947; x_wconf 84' lang='lat' dir='ltr'>sed</span> <span class='ocrx_word' id='word_1_59' title='bbox 448 891 557 948; x_wconf 84' lang='lat' dir='ltr'>tantirm</span> <span class='ocrx_word' id='word_1_60' title='bbox 578 891 711 962; x_wconf 72' lang='lat' dir='ltr'>seruant,</span> <span class='ocrx_word' id='word_1_61' title='bbox 732 903 765 949; x_wconf 92' lang='lat' dir='ltr'>ut</span> <span class='ocrx_word' id='word_1_62' title='bbox 778 910 822 949; x_wconf 87' lang='lat' dir='ltr'>res</span> <span class='ocrx_word' id='word_1_63' title='bbox 837 891 983 949; x_wconf 73' lang='lat' dir='ltr'>credendae</span> <span class='ocrx_word' id='word_1_64' title='bbox 1004 891 1069 950; x_wconf 85' lang='lat' dir='ltr'>red·</span> 
     </span>
     <span class='ocr_line' id='line_1_10' title="bbox 139 971 1069 1048; baseline 0 -18"><span class='ocrx_word' id='word_1_65' title='bbox 139 975 241 1030; x_wconf 88' lang='lat' dir='ltr'>dantur</span> <span class='ocrx_word' id='word_1_66' title='bbox 254 971 417 1030; x_wconf 81' lang='lat' dir='ltr'>credibiles:</span> <span class='ocrx_word' id='word_1_67' title='bbox 431 971 472 1030; x_wconf 89' lang='lat' dir='ltr'>sic</span> <span class='ocrx_word' id='word_1_68' title='bbox 487 971 555 1029; x_wconf 90' lang='lat' dir='ltr'>dicit</span> <span class='ocrx_word' id='word_1_69' title='bbox 571 971 600 1032; x_wconf 89' lang='lat' dir='ltr'>S.</span> <span class='ocrx_word' id='word_1_70' title='bbox 615 971 716 1030; x_wconf 88' lang='lat' dir='ltr'>Thom.</span> <span class='ocrx_word' id='word_1_71' title='bbox 731 974 759 1031; x_wconf 81' lang='lat'>2.</span> <span class='ocrx_word' id='word_1_72' title='bbox 774 975 803 1030; x_wconf 79' lang='lat'>2.</span> <span class='ocrx_word' id='word_1_73' title='bbox 818 984 917 1048; x_wconf 84' lang='lat' dir='ltr'>quaest.</span> <span class='ocrx_word' id='word_1_74' title='bbox 931 973 959 1030; x_wconf 80' lang='lat'>2.</span> <span class='ocrx_word' id='word_1_75' title='bbox 972 983 1022 1030; x_wconf 87' lang='lat' dir='ltr'>art.</span> <span class='ocrx_word' id='word_1_76' title='bbox 1040 973 1069 1030; x_wconf 96' lang='lat' dir='ltr'>l.</span> 
     </span>
     <span class='ocr_line' id='line_1_11' title="bbox 139 1051 1069 1128; baseline -0.001 -16"><span class='ocrx_word' id='word_1_77' title='bbox 139 1055 219 1112; x_wconf 89' lang='lat' dir='ltr'>adl.</span> <span class='ocrx_word' id='word_1_78' title='bbox 259 1053 375 1112; x_wconf 88' lang='lat' dir='ltr'>“Fides</span> <span class='ocrx_word' id='word_1_79' title='bbox 388 1072 444 1109; x_wconf 89' lang='lat' dir='ltr'>nou</span> <span class='ocrx_word' id='word_1_80' title='bbox 465 1051 550 1110; x_wconf 90' lang='lat' dir='ltr'>habet</span> <span class='ocrx_word' id='word_1_81' title='bbox 569 1053 774 1128; x_wconf 83' lang='lat' dir='ltr'>inquisitionem</span> <span class='ocrx_word' id='word_1_82' title='bbox 795 1053 910 1112; x_wconf 74' lang='lat' dir='ltr'>radonis</span> <span class='ocrx_word' id='word_1_83' title='bbox 933 1053 1069 1112; x_wconf 88' lang='lat' dir='ltr'>naturalis</span> 
     </span>
     <span class='ocr_line' id='line_1_12' title="bbox 139 1133 1070 1211; baseline -0.002 -17"><span class='ocrx_word' id='word_1_84' title='bbox 139 1141 158 1169; x_wconf 85' lang='lat'>‘⁴</span> <span class='ocrx_word' id='word_1_85' title='bbox 172 1134 386 1194; x_wconf 86' lang='lat' dir='ltr'>demonstrantis</span> <span class='ocrx_word' id='word_1_86' title='bbox 399 1134 438 1202; x_wconf 91' lang='lat' dir='ltr'>id,</span> <span class='ocrx_word' id='word_1_87' title='bbox 452 1134 528 1210; x_wconf 90' lang='lat' dir='ltr'>quod</span> <span class='ocrx_word' id='word_1_88' title='bbox 542 1135 683 1200; x_wconf 79' lang='lat' dir='ltr'>creditur:</span> <span class='ocrx_word' id='word_1_89' title='bbox 707 1133 792 1194; x_wconf 88' lang='lat' dir='ltr'>habet</span> <span class='ocrx_word' id='word_1_90' title='bbox 804 1144 898 1194; x_wconf 83' lang='lat' dir='ltr'>taineu</span> <span class='ocrx_word' id='word_1_91' title='bbox 912 1134 1070 1211; x_wconf 87' lang='lat' dir='ltr'>inquisitio·</span> 
     </span>
     <span class='ocr_line' id='line_1_13' title="bbox 139 1215 1069 1292; baseline 0 -17"><span class='ocrx_word' id='word_1_92' title='bbox 139 1222 158 1251; x_wconf 78' lang='lat'>‘⁴</span> <span class='ocrx_word' id='word_1_93' title='bbox 171 1235 235 1275; x_wconf 92' lang='lat' dir='ltr'>nem</span> <span class='ocrx_word' id='word_1_94' title='bbox 250 1216 387 1292; x_wconf 89' lang='lat' dir='ltr'>quandam</span> <span class='ocrx_word' id='word_1_95' title='bbox 402 1235 507 1285; x_wconf 85' lang='lat' dir='ltr'>eorum,</span> <span class='ocrx_word' id='word_1_96' title='bbox 518 1235 569 1292; x_wconf 89' lang='lat' dir='ltr'>per</span> <span class='ocrx_word' id='word_1_97' title='bbox 582 1236 645 1292; x_wconf 77' lang='lat' dir='ltr'>quie</span> <span class='ocrx_word' id='word_1_98' title='bbox 658 1217 800 1274; x_wconf 85' lang='lat' dir='ltr'>inducitur</span> <span class='ocrx_word' id='word_1_99' title='bbox 811 1215 895 1280; x_wconf 83' lang='lat' dir='ltr'>homo</span> <span class='ocrx_word' id='word_1_100' title='bbox 906 1217 942 1274; x_wconf 90' lang='lat' dir='ltr'>ad</span> <span class='ocrx_word' id='word_1_101' title='bbox 952 1217 1069 1275; x_wconf 87' lang='lat' dir='ltr'>creden·</span> 
     </span>
     <span class='ocr_line' id='line_1_14' title="bbox 139 1296 1068 1374; baseline 0 -18"><span class='ocrx_word' id='word_1_102' title='bbox 139 1304 158 1333; x_wconf 80' lang='lat'>‘⁴</span> <span class='ocrx_word' id='word_1_103' title='bbox 172 1299 249 1368; x_wconf 90' lang='lat' dir='ltr'>dum,</span> <span class='ocrx_word' id='word_1_104' title='bbox 269 1296 340 1374; x_wconf 82' lang='lat' dir='ltr'>pute</span> <span class='ocrx_word' id='word_1_105' title='bbox 363 1296 428 1374; x_wconf 89' lang='lat' dir='ltr'>quia</span> <span class='ocrx_word' id='word_1_106' title='bbox 447 1311 512 1358; x_wconf 90' lang='lat' dir='ltr'>sunt</span> <span class='ocrx_word' id='word_1_107' title='bbox 532 1297 608 1356; x_wconf 87' lang='lat' dir='ltr'>diota</span> <span class='ocrx_word' id='word_1_108' title='bbox 631 1296 648 1356; x_wconf 77' lang='lat' dir='ltr'>i</span> <span class='ocrx_word' id='word_1_109' title='bbox 669 1299 734 1356; x_wconf 90' lang='lat' dir='ltr'>Deo</span> <span class='ocrx_word' id='word_1_110' title='bbox 754 1308 784 1356; x_wconf 87' lang='lat' dir='ltr'>et</span> <span class='ocrx_word' id='word_1_111' title='bbox 803 1297 945 1358; x_wconf 83' lang='lat' dir='ltr'>miraculis</span> <span class='ocrx_word' id='word_1_112' title='bbox 964 1298 1068 1357; x_wconf 87' lang='lat' dir='ltr'>coufir-</span> 
     </span>
     <span class='ocr_line' id='line_1_15' title="bbox 139 1378 271 1439; baseline -0.015 0"><span class='ocrx_word' id='word_1_113' title='bbox 139 1386 158 1416; x_wconf 87' lang='lat'><strong>“</strong></span> <span class='ocrx_word' id='word_1_114' title='bbox 172 1378 271 1439; x_wconf 85' lang='lat' dir='ltr'>mata.”</span> 
     </span>
    </p>

    <p class='ocr_par' dir='ltr' id='par_1_4' title="bbox 138 1457 1070 1704">
     <span class='ocr_line' id='line_1_16' title="bbox 179 1457 1070 1538; baseline -0.004 -16"><span class='ocrx_word' id='word_1_115' title='bbox 179 1462 229 1522; x_wconf 86' lang='lat' dir='ltr'>An</span> <span class='ocrx_word' id='word_1_116' title='bbox 243 1479 310 1538; x_wconf 78' lang='lat' dir='ltr'>ergo</span> <span class='ocrx_word' id='word_1_117' title='bbox 323 1459 393 1518; x_wconf 86' lang='lat' dir='ltr'>fides</span> <span class='ocrx_word' id='word_1_118' title='bbox 406 1458 598 1537; x_wconf 87' lang='lat' dir='ltr'>philosophica</span> <span class='ocrx_word' id='word_1_119' title='bbox 611 1460 732 1520; x_wconf 77' lang='lat' dir='ltr'>seu&#39;late</span> <span class='ocrx_word' id='word_1_120' title='bbox 746 1460 829 1529; x_wconf 88' lang='lat' dir='ltr'>dicta,</span> <span class='ocrx_word' id='word_1_121' title='bbox 850 1479 906 1537; x_wconf 90' lang='lat' dir='ltr'>qua</span> <span class='ocrx_word' id='word_1_122' title='bbox 925 1457 1009 1518; x_wconf 87' lang='lat' dir='ltr'>homo</span> <span class='ocrx_word' id='word_1_123' title='bbox 1029 1480 1070 1518; x_wconf 84' lang='lat' dir='ltr'>ex</span> 
     </span>
     <span class='ocr_line' id='line_1_17' title="bbox 138 1541 1070 1620; baseline -0.004 -18"><span class='ocrx_word' id='word_1_124' title='bbox 138 1542 299 1602; x_wconf 89' lang='lat' dir='ltr'>testimonio</span> <span class='ocrx_word' id='word_1_125' title='bbox 313 1555 500 1600; x_wconf 86' lang='lat' dir='ltr'>creaturarum</span> <span class='ocrx_word' id='word_1_126' title='bbox 506 1542 641 1618; x_wconf 89' lang='lat' dir='ltr'>pervenit</span> <span class='ocrx_word' id='word_1_127' title='bbox 664 1543 699 1599; x_wconf 92' lang='lat' dir='ltr'>ad</span> <span class='ocrx_word' id='word_1_128' title='bbox 722 1542 910 1620; x_wconf 85' lang='lat' dir='ltr'>cognitionem</span> <span class='ocrx_word' id='word_1_129' title='bbox 924 1541 991 1612; x_wconf 89' lang='lat' dir='ltr'>Dei,</span> <span class='ocrx_word' id='word_1_130' title='bbox 1009 1562 1070 1600; x_wconf 92' lang='lat' dir='ltr'>non</span> 
     </span>
     <span class='ocr_line' id='line_1_18' title="bbox 138 1622 773 1718; baseline -0.003 -36"><span class='ocrx_word' id='word_1_131' title='bbox 138 1624 260 1704; x_wconf 78' lang='lat' dir='ltr'>pertinet</span> <span class='ocrx_word' id='word_1_132' title='bbox 273 1623 309 1682; x_wconf 88' lang='lat' dir='ltr'>ad</span> <span class='ocrx_word' id='word_1_133' title='bbox 322 1623 452 1681; x_wconf 83' lang='lat' dir='ltr'>virtutem</span> <span class='ocrx_word' id='word_1_134' title='bbox 467 1623 533 1682; x_wconf 80' lang='lat' dir='ltr'>fidei</span> <span class='ocrx_word' id='word_1_135' title='bbox 554 1622 773 1718; x_wconf 77' lang='lat' dir='ltr'>theologicae?</span> 
     </span>
    </p>

    <p class='ocr_par' dir='ltr' id='par_1_5' title="bbox 134 1704 1072 2008">
     <span class='ocr_line' id='line_1_19' title="bbox 179 1704 1069 1799; baseline -0.003 -34"><span class='ocrx_word' id='word_1_136' title='bbox 179 1706 219 1765; x_wconf 92' lang='lat'>11.</span> <span class='ocrx_word' id='word_1_137' title='bbox 241 1705 278 1763; x_wconf 89' lang='lat' dir='ltr'>R.</span> <span class='ocrx_word' id='word_1_138' title='bbox 300 1704 456 1799; x_wconf 70' lang='lat' dir='ltr'>Negatiye3</span> <span class='ocrx_word' id='word_1_139' title='bbox 476 1715 535 1762; x_wconf 90' lang='lat' dir='ltr'>tum</span> <span class='ocrx_word' id='word_1_140' title='bbox 561 1705 626 1780; x_wconf 88' lang='lat' dir='ltr'>quia</span> <span class='ocrx_word' id='word_1_141' title='bbox 649 1705 713 1762; x_wconf 90' lang='lat' dir='ltr'>talis</span> <span class='ocrx_word' id='word_1_142' title='bbox 737 1724 865 1764; x_wconf 86' lang='lat' dir='ltr'>assensus</span> <span class='ocrx_word' id='word_1_143' title='bbox 887 1715 931 1764; x_wconf 90' lang='lat' dir='ltr'>est</span> <span class='ocrx_word' id='word_1_144' title='bbox 957 1705 1069 1762; x_wconf 86' lang='lat' dir='ltr'>tantirm</span> 
     </span>
     <span class='ocr_line' id='line_1_20' title="bbox 134 1785 1072 1862; baseline -0.002 -17"><span class='ocrx_word' id='word_1_145' title='bbox 134 1786 280 1856; x_wconf 87' lang='lat' dir='ltr'>naturalis,</span> <span class='ocrx_word' id='word_1_146' title='bbox 304 1798 365 1844; x_wconf 88' lang='lat' dir='ltr'>tum</span> <span class='ocrx_word' id='word_1_147' title='bbox 389 1785 454 1862; x_wconf 86' lang='lat' dir='ltr'>quia</span> <span class='ocrx_word' id='word_1_148' title='bbox 474 1786 635 1844; x_wconf 78' lang='lat' dir='ltr'>immediate</span> <span class='ocrx_word' id='word_1_149' title='bbox 658 1806 715 1844; x_wconf 94' lang='lat' dir='ltr'>non</span> <span class='ocrx_word' id='word_1_150' title='bbox 738 1785 866 1844; x_wconf 88' lang='lat' dir='ltr'>innititur</span> <span class='ocrx_word' id='word_1_151' title='bbox 885 1786 994 1844; x_wconf 87' lang='lat' dir='ltr'>veritati</span> <span class='ocrx_word' id='word_1_152' title='bbox 1008 1787 1072 1845; x_wconf 91' lang='lat' dir='ltr'>Dei</span> 
     </span>
     <span class='ocr_line' id='line_1_21' title="bbox 138 1867 1072 1948; baseline 0 -22"><span class='ocrx_word' id='word_1_153' title='bbox 138 1867 297 1938; x_wconf 81' lang='lat' dir='ltr'>revelantis,</span> <span class='ocrx_word' id='word_1_154' title='bbox 322 1868 372 1925; x_wconf 88' lang='lat' dir='ltr'>sed</span> <span class='ocrx_word' id='word_1_155' title='bbox 396 1867 550 1938; x_wconf 88' lang='lat' dir='ltr'>discursui;</span> <span class='ocrx_word' id='word_1_156' title='bbox 572 1887 627 1944; x_wconf 91' lang='lat' dir='ltr'>quo</span> <span class='ocrx_word' id='word_1_157' title='bbox 651 1888 686 1926; x_wconf 89' lang='lat' dir='ltr'>ex</span> <span class='ocrx_word' id='word_1_158' title='bbox 710 1879 898 1926; x_wconf 86' lang='lat' dir='ltr'>creaturarum</span> <span class='ocrx_word' id='word_1_159' title='bbox 919 1868 1072 1948; x_wconf 76' lang='lat' dir='ltr'>existentia</span> 
     </span>
     <span class='ocr_line' id='line_1_22' title="bbox 139 1948 527 2008; baseline -0.011 1"><span class='ocrx_word' id='word_1_160' title='bbox 139 1949 288 2008; x_wconf 85' lang='lat' dir='ltr'>deducitur</span> <span class='ocrx_word' id='word_1_161' title='bbox 301 1948 447 2006; x_wconf 82' lang='lat' dir='ltr'>existentia</span> <span class='ocrx_word' id='word_1_162' title='bbox 460 1948 527 2008; x_wconf 90' lang='lat' dir='ltr'>Dei.</span> 
     </span>
    </p>

    <p class='ocr_par' dir='ltr' id='par_1_6' title="bbox 139 1963 1072 2352">
     <span class='ocr_line' id='line_1_23' title="bbox 179 1963 1072 2108; baseline -0.003 -18"><span class='ocrx_word' id='word_1_163' title='bbox 179 2032 235 2090; x_wconf 92' lang='lat'>111.</span> <span class='ocrx_word' id='word_1_164' title='bbox 256 2030 378 2090; x_wconf 89' lang='lat' dir='ltr'>Proinde</span> <span class='ocrx_word' id='word_1_165' title='bbox 391 2030 460 2088; x_wconf 88' lang='lat' dir='ltr'>fidos</span> <span class='ocrx_word' id='word_1_166' title='bbox 474 2028 536 2088; x_wconf 84' lang='lat' dir='ltr'>haec</span> <span class='ocrx_word' id='word_1_167' title='bbox 549 2049 604 2087; x_wconf 94' lang='lat' dir='ltr'>non</span> <span class='ocrx_word' id='word_1_168' title='bbox 626 2031 718 2089; x_wconf 87' lang='lat' dir='ltr'>estad</span> <span class='ocrx_word' id='word_1_169' title='bbox 737 2001 978 2108; x_wconf 69' lang='lat' dir='ltr'>justificationem*</span> <span class='ocrx_word' id='word_1_170' title='bbox 990 1963 1072 2088; x_wconf 64' lang='lat' dir='ltr'>leffi-</span> 
     </span>
     <span class='ocr_line' id='line_1_24' title="bbox 139 2111 1072 2188; baseline -0.004 -16"><span class='ocrx_word' id='word_1_171' title='bbox 139 2113 224 2182; x_wconf 88' lang='lat' dir='ltr'>ciens,</span> <span class='ocrx_word' id='word_1_172' title='bbox 248 2123 282 2170; x_wconf 89' lang='lat' dir='ltr'>nt</span> <span class='ocrx_word' id='word_1_173' title='bbox 303 2123 412 2170; x_wconf 89' lang='lat' dir='ltr'>constat</span> <span class='ocrx_word' id='word_1_174' title='bbox 435 2131 471 2172; x_wconf 85' lang='lat' dir='ltr'>ex</span> <span class='ocrx_word' id='word_1_175' title='bbox 498 2111 583 2188; x_wconf 90' lang='lat' dir='ltr'>Prop.</span> <span class='ocrx_word' id='word_1_176' title='bbox 608 2113 656 2170; x_wconf 78' lang='lat'>23.</span> <span class='ocrx_word' id='word_1_177' title='bbox 681 2113 812 2170; x_wconf 86' lang='lat' dir='ltr'>damnata</span> <span class='ocrx_word' id='word_1_178' title='bbox 832 2113 867 2170; x_wconf 91' lang='lat' dir='ltr'>ab</span> <span class='ocrx_word' id='word_1_179' title='bbox 890 2113 987 2171; x_wconf 88' lang='lat' dir='ltr'>Iunco.</span> <span class='ocrx_word' id='word_1_180' title='bbox 1010 2111 1072 2182; x_wconf 71' lang='lat' dir='ltr'>xl.</span> 
     </span>
     <span class='ocr_line' id='line_1_25' title="bbox 139 2189 1071 2268; baseline -0.001 -16"><span class='ocrx_word' id='word_1_181' title='bbox 139 2200 158 2229; x_wconf 76' lang='lat'>‘⁸</span> <span class='ocrx_word' id='word_1_182' title='bbox 172 2194 256 2252; x_wconf 88' lang='lat' dir='ltr'>Fides</span> <span class='ocrx_word' id='word_1_183' title='bbox 268 2193 325 2252; x_wconf 92' lang='lat' dir='ltr'>late</span> <span class='ocrx_word' id='word_1_184' title='bbox 338 2193 414 2268; x_wconf 83' lang='lat' dir='ltr'>dicta</span> <span class='ocrx_word' id='word_1_185' title='bbox 427 2212 462 2252; x_wconf 85' lang='lat' dir='ltr'>ex</span> <span class='ocrx_word' id='word_1_186' title='bbox 476 2193 636 2264; x_wconf 85' lang='lat' dir='ltr'>testimonio</span> <span class='ocrx_word' id='word_1_187' title='bbox 654 2205 851 2264; x_wconf 86' lang='lat' dir='ltr'>creaturarum,</span> <span class='ocrx_word' id='word_1_188' title='bbox 872 2189 1014 2252; x_wconf 85' lang='lat' dir='ltr'>similive</span> <span class='ocrx_word' id='word_1_189' title='bbox 1004 2208 1071 2251; x_wconf 89' lang='lat' dir='ltr'>mo·</span> 
     </span>
     <span class='ocr_line' id='line_1_26' title="bbox 139 2252 717 2352; baseline -0.003 -18"><span class='ocrx_word' id='word_1_190' title='bbox 139 2281 158 2312; x_wconf 84' lang='lat'><strong>“</strong></span> <span class='ocrx_word' id='word_1_191' title='bbox 171 2275 230 2334; x_wconf 86' lang='lat' dir='ltr'>tivo</span> <span class='ocrx_word' id='word_1_192' title='bbox 243 2275 280 2334; x_wconf 85' lang='lat' dir='ltr'>ad</span> <span class='ocrx_word' id='word_1_193' title='bbox 288 2261 394 2352; x_wconf 80' lang='lat' dir='ltr'>justitio</span> <span class='ocrx_word' id='word_1_194' title='bbox 395 2274 516 2332; x_wconf 88' lang='lat' dir='ltr'>ationem</span> <span class='ocrx_word' id='word_1_195' title='bbox 530 2252 660 2332; x_wconf 63' lang='lat' dir='ltr'>sufficitl’</span> <span class='ocrx_word' id='word_1_196' title='bbox 713 2295 717 2301; x_wconf 90' lang='lat'>·</span> 
     </span>
    </p>

    <p class='ocr_par' dir='ltr' id='par_1_7' title="bbox 139 2355 1076 2516">
     <span class='ocr_line' id='line_1_27' title="bbox 180 2355 1075 2434; baseline -0.001 -19"><span class='ocrx_word' id='word_1_197' title='bbox 180 2357 229 2415; x_wconf 88' lang='lat' dir='ltr'>An</span> <span class='ocrx_word' id='word_1_198' title='bbox 250 2355 392 2415; x_wconf 88' lang='lat' dir='ltr'>conclusio</span> <span class='ocrx_word' id='word_1_199' title='bbox 416 2355 597 2434; x_wconf 79' lang='lat' dir='ltr'>syllogistica,</span> <span class='ocrx_word' id='word_1_200' title='bbox 623 2375 686 2432; x_wconf 85' lang='lat' dir='ltr'>quae</span> <span class='ocrx_word' id='word_1_201' title='bbox 708 2355 833 2432; x_wconf 85' lang='lat' dir='ltr'>legitime</span> <span class='ocrx_word' id='word_1_202' title='bbox 857 2357 1005 2416; x_wconf 87' lang='lat' dir='ltr'>deducitur</span> <span class='ocrx_word' id='word_1_203' title='bbox 1030 2377 1075 2415; x_wconf 89' lang='lat' dir='ltr'>ex</span> 
     </span>
     <span class='ocr_line' id='line_1_28' title="bbox 139 2436 1076 2516; baseline -0.001 -19"><span class='ocrx_word' id='word_1_204' title='bbox 139 2440 247 2497; x_wconf 90' lang='lat' dir='ltr'>duabus</span> <span class='ocrx_word' id='word_1_205' title='bbox 260 2436 411 2516; x_wconf 74' lang='lat' dir='ltr'>praemissis</span> <span class='ocrx_word' id='word_1_206' title='bbox 424 2438 460 2494; x_wconf 92' lang='lat' dir='ltr'>de</span> <span class='ocrx_word' id='word_1_207' title='bbox 474 2437 538 2504; x_wconf 89' lang='lat' dir='ltr'>fide,</span> <span class='ocrx_word' id='word_1_208' title='bbox 564 2437 609 2494; x_wconf 87' lang='lat' dir='ltr'>vel</span> <span class='ocrx_word' id='word_1_209' title='bbox 624 2456 659 2495; x_wconf 89' lang='lat' dir='ltr'>ex</span> <span class='ocrx_word' id='word_1_210' title='bbox 672 2457 729 2494; x_wconf 85' lang='lat' dir='ltr'>nna</span> <span class='ocrx_word' id='word_1_211' title='bbox 751 2437 896 2515; x_wconf 71' lang='lat' dir='ltr'>praemissa</span> <span class='ocrx_word' id='word_1_212' title='bbox 919 2439 1024 2498; x_wconf 83' lang='lat' dir='ltr'>deiide</span> <span class='ocrx_word' id='word_1_213' title='bbox 1039 2452 1076 2496; x_wconf 86' lang='lat' dir='ltr'>et</span> 
     </span>
    </p>

    <p class='ocr_par' dir='ltr' id='par_1_8' title="bbox 63 2517 1077 2920">
     <span class='ocr_line' id='line_1_29' title="bbox 139 2517 783 2594; baseline -0.008 -15"><span class='ocrx_word' id='word_1_214' title='bbox 139 2521 230 2579; x_wconf 85' lang='lat' dir='ltr'>altera</span> <span class='ocrx_word' id='word_1_215' title='bbox 242 2519 405 2578; x_wconf 86' lang='lat' dir='ltr'>naturaliter</span> <span class='ocrx_word' id='word_1_216' title='bbox 418 2517 538 2594; x_wconf 83' lang='lat' dir='ltr'>cognita,</span> <span class='ocrx_word' id='word_1_217' title='bbox 552 2530 595 2575; x_wconf 89' lang='lat' dir='ltr'>est</span> <span class='ocrx_word' id='word_1_218' title='bbox 609 2519 645 2575; x_wconf 91' lang='lat' dir='ltr'>de</span> <span class='ocrx_word' id='word_1_219' title='bbox 658 2518 738 2576; x_wconf 85' lang='lat' dir='ltr'>lide?</span> <span class='ocrx_word' id='word_1_220' title='bbox 781 2571 783 2574; x_wconf 86' lang='lat'><strong>.</strong></span> 
     </span>
     <span class='ocr_line' id='line_1_30' title="bbox 63 2593 1077 2676; baseline -0.001 -17"><span class='ocrx_word' id='word_1_221' title='bbox 63 2593 66 2600; x_wconf 67' lang='grc'><strong>’</strong></span> <span class='ocrx_word' id='word_1_222' title='bbox 180 2599 233 2659; x_wconf 85' lang='lat' dir='ltr'>IV.</span> <span class='ocrx_word' id='word_1_223' title='bbox 253 2601 290 2658; x_wconf 90' lang='lat' dir='ltr'>R.</span> <span class='ocrx_word' id='word_1_224' title='bbox 314 2601 360 2657; x_wconf 86' lang='lat'>1⁰.</span> <span class='ocrx_word' id='word_1_225' title='bbox 381 2599 426 2658; x_wconf 85' lang='lat' dir='ltr'>Ex</span> <span class='ocrx_word' id='word_1_226' title='bbox 445 2598 602 2676; x_wconf 88' lang='lat' dir='ltr'>jamdictis</span> <span class='ocrx_word' id='word_1_227' title='bbox 623 2611 709 2676; x_wconf 88' lang='lat' dir='ltr'>patet,</span> <span class='ocrx_word' id='word_1_228' title='bbox 735 2599 809 2675; x_wconf 82' lang='lat' dir='ltr'>qued</span> <span class='ocrx_word' id='word_1_229' title='bbox 833 2599 857 2658; x_wconf 89' lang='lat' dir='ltr'>si</span> <span class='ocrx_word' id='word_1_230' title='bbox 878 2600 1077 2660; x_wconf 76' lang='lat' dir='ltr'>consideretur</span> 
     </span>
     <span class='ocr_line' id='line_1_31' title="bbox 139 2679 1075 2760; baseline -0.001 -19"><span class='ocrx_word' id='word_1_231' title='bbox 139 2684 216 2741; x_wconf 85' lang='lat' dir='ltr'>mere</span> <span class='ocrx_word' id='word_1_232' title='bbox 239 2693 272 2740; x_wconf 93' lang='lat' dir='ltr'>ut</span> <span class='ocrx_word' id='word_1_233' title='bbox 294 2681 371 2740; x_wconf 91' lang='lat' dir='ltr'>illata</span> <span class='ocrx_word' id='word_1_234' title='bbox 390 2700 441 2757; x_wconf 88' lang='lat' dir='ltr'>per</span> <span class='ocrx_word' id='word_1_235' title='bbox 453 2679 587 2738; x_wconf 89' lang='lat' dir='ltr'>rationem</span> <span class='ocrx_word' id='word_1_236' title='bbox 610 2693 640 2738; x_wconf 91' lang='lat' dir='ltr'>et</span> <span class='ocrx_word' id='word_1_237' title='bbox 653 2681 879 2756; x_wconf 88' lang='lat' dir='ltr'>consequentiam</span> <span class='ocrx_word' id='word_1_238' title='bbox 902 2681 1075 2760; x_wconf 81' lang='lat' dir='ltr'>legitimam,</span> 
     </span>
     <span class='ocr_line' id='line_1_32' title="bbox 141 2762 1077 2837; baseline -0.001 -16"><span class='ocrx_word' id='word_1_239' title='bbox 141 2763 257 2822; x_wconf 74' lang='lat' dir='ltr'>eatenus</span> <span class='ocrx_word' id='word_1_240' title='bbox 269 2762 337 2821; x_wconf 78' lang='lat' dir='ltr'>Pide</span> <span class='ocrx_word' id='word_1_241' title='bbox 348 2762 442 2820; x_wconf 81' lang='lat' dir='ltr'>divine</span> <span class='ocrx_word' id='word_1_242' title='bbox 451 2781 507 2819; x_wconf 91' lang='lat' dir='ltr'>uon</span> <span class='ocrx_word' id='word_1_243' title='bbox 518 2763 662 2832; x_wconf 88' lang='lat' dir='ltr'>credatur;</span> <span class='ocrx_word' id='word_1_244' title='bbox 676 2764 726 2820; x_wconf 87' lang='lat' dir='ltr'>sed</span> <span class='ocrx_word' id='word_1_245' title='bbox 740 2762 793 2820; x_wconf 84' lang='lat' dir='ltr'>erit</span> <span class='ocrx_word' id='word_1_246' title='bbox 806 2782 933 2822; x_wconf 73' lang='lat' dir='ltr'>assonam</span> <span class='ocrx_word' id='word_1_247' title='bbox 943 2764 1077 2837; x_wconf 81' lang='lat' dir='ltr'>scientiae</span> 
     </span>
     <span class='ocr_line' id='line_1_33' title="bbox 140 2843 849 2920; baseline -0.003 -16"><span class='ocrx_word' id='word_1_248' title='bbox 140 2843 331 2920; x_wconf 77' lang='lat' dir='ltr'>Theologicae.</span> <span class='ocrx_word' id='word_1_249' title='bbox 847 2875 849 2879; x_wconf 36' lang='lat' dir='ltr'>v</span> 
     </span>
    </p>

    <p class='ocr_par' dir='ltr' id='par_1_9' title="bbox 132 2923 1110 3491">
     <span class='ocr_line' id='line_1_34' title="bbox 181 2923 1080 3003; baseline 0 -19"><span class='ocrx_word' id='word_1_250' title='bbox 181 2925 218 2984; x_wconf 87' lang='lat' dir='ltr'>V.</span> <span class='ocrx_word' id='word_1_251' title='bbox 241 2929 288 2984; x_wconf 80' lang='lat'>2⁰.</span> <span class='ocrx_word' id='word_1_252' title='bbox 310 2926 514 2984; x_wconf 84' lang='lat' dir='ltr'>Potesttamen</span> <span class='ocrx_word' id='word_1_253' title='bbox 527 2923 591 2981; x_wconf 91' lang='lat' dir='ltr'>talis</span> <span class='ocrx_word' id='word_1_254' title='bbox 605 2924 748 2982; x_wconf 90' lang='lat' dir='ltr'>conclusio</span> <span class='ocrx_word' id='word_1_255' title='bbox 769 2924 815 2984; x_wconf 89' lang='lat' dir='ltr'>vel</span> <span class='ocrx_word' id='word_1_256' title='bbox 838 2925 992 3003; x_wconf 85' lang='lat' dir='ltr'>propositio</span> <span class='ocrx_word' id='word_1_257' title='bbox 1013 2925 1080 2984; x_wconf 87' lang='lat' dir='ltr'>dici</span> 
     </span>
     <span class='ocr_line' id='line_1_35' title="bbox 141 3005 1079 3085; baseline 0.003 -20"><span class='ocrx_word' id='word_1_258' title='bbox 141 3009 177 3076; x_wconf 87' lang='lat' dir='ltr'>de</span> <span class='ocrx_word' id='word_1_259' title='bbox 191 3007 246 3065; x_wconf 86' lang='lat' dir='ltr'>lide</span> <span class='ocrx_word' id='word_1_260' title='bbox 260 3007 421 3083; x_wconf 83' lang='lat' dir='ltr'>inquantirm</span> <span class='ocrx_word' id='word_1_261' title='bbox 436 3005 626 3063; x_wconf 88' lang='lat' dir='ltr'>consideratur</span> <span class='ocrx_word' id='word_1_262' title='bbox 643 3017 676 3063; x_wconf 89' lang='grc' dir='ltr'>ιιι</span> <span class='ocrx_word' id='word_1_263' title='bbox 689 3018 821 3064; x_wconf 89' lang='lat' dir='ltr'>contenta</span> <span class='ocrx_word' id='word_1_264' title='bbox 834 3006 863 3064; x_wconf 91' lang='lat' dir='ltr'>in</span> <span class='ocrx_word' id='word_1_265' title='bbox 876 3008 1020 3085; x_wconf 82' lang='lat' dir='ltr'>praemissa</span> <span class='ocrx_word' id='word_1_266' title='bbox 1034 3009 1079 3068; x_wconf 86' lang='lat' dir='ltr'>de</span> 
     </span>
     <span class='ocr_line' id='line_1_36' title="bbox 141 3087 1081 3165; baseline 0.002 -19"><span class='ocrx_word' id='word_1_267' title='bbox 141 3090 206 3158; x_wconf 89' lang='lat' dir='ltr'>fide,</span> <span class='ocrx_word' id='word_1_268' title='bbox 220 3089 291 3146; x_wconf 88' lang='lat' dir='ltr'>adeo</span> <span class='ocrx_word' id='word_1_269' title='bbox 305 3100 337 3146; x_wconf 91' lang='lat' dir='ltr'>ut</span> <span class='ocrx_word' id='word_1_270' title='bbox 350 3107 478 3146; x_wconf 89' lang='lat' dir='ltr'>assensus</span> <span class='ocrx_word' id='word_1_271' title='bbox 491 3088 656 3164; x_wconf 82' lang='lat' dir='ltr'>praebeatnr,</span> <span class='ocrx_word' id='word_1_272' title='bbox 675 3107 732 3144; x_wconf 92' lang='lat' dir='ltr'>non</span> <span class='ocrx_word' id='word_1_273' title='bbox 747 3087 774 3144; x_wconf 86' lang='lat' dir='ltr'>vi</span> <span class='ocrx_word' id='word_1_274' title='bbox 787 3088 1005 3165; x_wconf 69' lang='lat' dir='ltr'>consequentia,</span> <span class='ocrx_word' id='word_1_275' title='bbox 1020 3091 1081 3148; x_wconf 88' lang='lat' dir='ltr'>sed</span> 
     </span>
     <span class='ocr_line' id='line_1_37' title="bbox 142 3168 1082 3248; baseline 0.002 -20"><span class='ocrx_word' id='word_1_276' title='bbox 142 3171 208 3248; x_wconf 88' lang='lat' dir='ltr'>quia</span> <span class='ocrx_word' id='word_1_277' title='bbox 220 3169 363 3230; x_wconf 90' lang='lat' dir='ltr'>conclusio</span> <span class='ocrx_word' id='word_1_278' title='bbox 376 3168 405 3226; x_wconf 90' lang='lat' dir='ltr'>in</span> <span class='ocrx_word' id='word_1_279' title='bbox 418 3168 561 3246; x_wconf 68' lang='lat' dir='ltr'>praemissa</span> <span class='ocrx_word' id='word_1_280' title='bbox 581 3181 624 3225; x_wconf 89' lang='lat' dir='ltr'>est</span> <span class='ocrx_word' id='word_1_281' title='bbox 637 3181 776 3238; x_wconf 85' lang='lat' dir='ltr'>contenta,</span> <span class='ocrx_word' id='word_1_282' title='bbox 790 3169 916 3246; x_wconf 87' lang='lat' dir='ltr'>adeoque</span> <span class='ocrx_word' id='word_1_283' title='bbox 931 3172 1082 3230; x_wconf 77' lang='lat' dir='ltr'>revelatas</span> 
     </span>
     <span class='ocr_line' id='line_1_38' title="bbox 142 3249 1110 3328; baseline 0.002 -18"><span class='ocrx_word' id='word_1_284' title='bbox 142 3271 310 3328; x_wconf 87' lang='lat' dir='ltr'>quamquam</span> <span class='ocrx_word' id='word_1_285' title='bbox 323 3261 356 3308; x_wconf 88' lang='lat' dir='ltr'>ut</span> <span class='ocrx_word' id='word_1_286' title='bbox 365 3250 433 3307; x_wconf 90' lang='lat' dir='ltr'>dicit</span> <span class='ocrx_word' id='word_1_287' title='bbox 443 3249 580 3327; x_wconf 77' lang='lat' dir='ltr'>steyaert,</span> <span class='ocrx_word' id='word_1_288' title='bbox 592 3249 662 3307; x_wconf 87' lang='lat' dir='ltr'>fides</span> <span class='ocrx_word' id='word_1_289' title='bbox 673 3250 737 3310; x_wconf 87' lang='lat' dir='ltr'>talis</span> <span class='ocrx_word' id='word_1_290' title='bbox 747 3251 858 3328; x_wconf 77' lang='lat' dir='ltr'>proprie</span> <span class='ocrx_word' id='word_1_291' title='bbox 869 3263 898 3310; x_wconf 93' lang='lat' dir='ltr'>et</span> <span class='ocrx_word' id='word_1_292' title='bbox 908 3251 1082 3312; x_wconf 75' lang='lat' dir='ltr'>immediate</span> <span class='ocrx_word' id='word_1_293' title='bbox 1101 3299 1110 3312; x_wconf 85' lang='lat'><strong>.</strong></span> 
     </span>
     <span class='ocr_line' id='line_1_39' title="bbox 142 3329 1084 3413; baseline 0.002 -21"><span class='ocrx_word' id='word_1_294' title='bbox 142 3353 204 3392; x_wconf 90' lang='lat' dir='ltr'>non</span> <span class='ocrx_word' id='word_1_295' title='bbox 213 3331 331 3391; x_wconf 89' lang='lat' dir='ltr'>tendat</span> <span class='ocrx_word' id='word_1_296' title='bbox 323 3351 352 3389; x_wconf 88' lang='grc' dir='ltr'>ιιι</span> <span class='ocrx_word' id='word_1_297' title='bbox 376 3331 583 3390; x_wconf 87' lang='lat' dir='ltr'>conclusionem</span> <span class='ocrx_word' id='word_1_298' title='bbox 596 3329 700 3392; x_wconf 85' lang='lat' dir='ltr'>hanc</span> <span class='ocrx_word' id='word_1_299' title='bbox 692 3351 719 3388; x_wconf 90' lang='grc' dir='ltr'>ιιι</span> <span class='ocrx_word' id='word_1_300' title='bbox 734 3331 888 3404; x_wconf 85' lang='lat' dir='ltr'>individuo,</span> <span class='ocrx_word' id='word_1_301' title='bbox 912 3335 963 3392; x_wconf 87' lang='lat' dir='ltr'>sed</span> <span class='ocrx_word' id='word_1_302' title='bbox 977 3335 1084 3413; x_wconf 75' lang='lat' dir='ltr'>potiris</span> 
     </span>
     <span class='ocr_line' id='line_1_40' title="bbox 132 3412 789 3491; baseline 0 -21"><span class='ocrx_word' id='word_1_303' title='bbox 132 3413 247 3476; x_wconf 83' lang='lat' dir='ltr'>¹cadat</span> <span class='ocrx_word' id='word_1_304' title='bbox 239 3433 268 3470; x_wconf 87' lang='grc' dir='ltr'>ιιι</span> <span class='ocrx_word' id='word_1_305' title='bbox 282 3412 462 3491; x_wconf 70' lang='lat' dir='ltr'>premissam,</span> <span class='ocrx_word' id='word_1_306' title='bbox 476 3432 539 3489; x_wconf 84' lang='lat' dir='ltr'>quae</span> <span class='ocrx_word' id='word_1_307' title='bbox 552 3413 642 3488; x_wconf 88' lang='lat' dir='ltr'>ipsam</span> <span class='ocrx_word' id='word_1_308' title='bbox 656 3413 789 3472; x_wconf 90' lang='lat' dir='ltr'>continet.</span> 
     </span>
    </p>

    <p class='ocr_par' dir='ltr' id='par_1_10' title="bbox 143 3493 1089 3728">
     <span class='ocr_line' id='line_1_41' title="bbox 184 3493 1084 3588; baseline 0.003 -34"><span class='ocrx_word' id='word_1_309' title='bbox 184 3495 280 3559; x_wconf 85' lang='lat' dir='ltr'>Nota.</span> <span class='ocrx_word' id='word_1_310' title='bbox 300 3494 324 3551; x_wconf 89' lang='lat' dir='ltr'>si</span> <span class='ocrx_word' id='word_1_311' title='bbox 348 3495 475 3588; x_wconf 79' lang='lat' dir='ltr'>quandam</span> <span class='ocrx_word' id='word_1_312' title='bbox 503 3493 646 3552; x_wconf 90' lang='lat' dir='ltr'>conclusio</span> <span class='ocrx_word' id='word_1_313' title='bbox 667 3495 820 3554; x_wconf 80' lang='lat' dir='ltr'>formaliter</span> <span class='ocrx_word' id='word_1_314' title='bbox 841 3494 1021 3561; x_wconf 87' lang='lat' dir='ltr'>contineatur</span> <span class='ocrx_word' id='word_1_315' title='bbox 1049 3499 1084 3557; x_wconf 90' lang='lat' dir='ltr'>in</span> 
     </span>
     <span class='ocr_line' id='line_1_42' title="bbox 143 3574 1089 3656; baseline 0.005 -22"><span class='ocrx_word' id='word_1_316' title='bbox 143 3577 286 3656; x_wconf 72' lang='lat' dir='ltr'>premissa</span> <span class='ocrx_word' id='word_1_317' title='bbox 298 3576 409 3646; x_wconf 80' lang='lat' dir='ltr'>deiide,</span> <span class='ocrx_word' id='word_1_318' title='bbox 429 3575 482 3632; x_wconf 89' lang='lat' dir='ltr'>erit</span> <span class='ocrx_word' id='word_1_319' title='bbox 496 3575 602 3634; x_wconf 85' lang='lat' dir='ltr'>directe</span> <span class='ocrx_word' id='word_1_320' title='bbox 616 3575 652 3632; x_wconf 90' lang='lat' dir='ltr'>de</span> <span class='ocrx_word' id='word_1_321' title='bbox 666 3575 783 3634; x_wconf 76' lang='lat' dir='ltr'>fidet&#39;</span> <span class='ocrx_word' id='word_1_322' title='bbox 761 3595 785 3634; x_wconf 89' lang='grc' dir='ltr'>ιι</span> <span class='ocrx_word' id='word_1_323' title='bbox 799 3587 893 3638; x_wconf 86' lang='lat' dir='ltr'>autem</span> <span class='ocrx_word' id='word_1_324' title='bbox 915 3574 1089 3642; x_wconf 82' lang='lat' dir='ltr'>virtualiter</span> 
     </span>
     <span class='ocr_line' id='line_1_43' title="bbox 143 3655 920 3728; baseline -0.004 -8"><span class='ocrx_word' id='word_1_325' title='bbox 143 3660 262 3728; x_wconf 69' lang='lat' dir='ltr'>monn,</span> <span class='ocrx_word' id='word_1_326' title='bbox 274 3669 343 3717; x_wconf 86' lang='lat' dir='ltr'>tunc</span> <span class='ocrx_word' id='word_1_327' title='bbox 356 3657 410 3716; x_wconf 88' lang='lat' dir='ltr'>orit</span> <span class='ocrx_word' id='word_1_328' title='bbox 422 3655 557 3714; x_wconf 87' lang='lat' dir='ltr'>indirecte</span> <span class='ocrx_word' id='word_1_329' title='bbox 571 3667 600 3716; x_wconf 91' lang='lat' dir='ltr'>et</span> <span class='ocrx_word' id='word_1_330' title='bbox 614 3657 792 3716; x_wconf 76' lang='lat' dir='ltr'>consecutive</span> <span class='ocrx_word' id='word_1_331' title='bbox 805 3657 841 3716; x_wconf 91' lang='lat' dir='ltr'>de</span> <span class='ocrx_word' id='word_1_332' title='bbox 855 3659 920 3718; x_wconf 88' lang='lat' dir='ltr'>fide.</span> 
     </span>
    </p>

    <p class='ocr_par' dir='ltr' id='par_1_11' title="bbox 146 3737 1095 3902">
     <span class='ocr_line' id='line_1_44' title="bbox 186 3737 1095 3815; baseline 0.006 -15"><span class='ocrx_word' id='word_1_333' title='bbox 186 3741 275 3800; x_wconf 86' lang='lat' dir='ltr'>Porro</span> <span class='ocrx_word' id='word_1_334' title='bbox 301 3737 436 3799; x_wconf 87' lang='lat' dir='ltr'>contineri</span> <span class='ocrx_word' id='word_1_335' title='bbox 459 3739 489 3796; x_wconf 92' lang='lat' dir='ltr'>in</span> <span class='ocrx_word' id='word_1_336' title='bbox 512 3737 605 3814; x_wconf 85' lang='lat' dir='ltr'>aliqua</span> <span class='ocrx_word' id='word_1_337' title='bbox 628 3738 817 3815; x_wconf 89' lang='lat' dir='ltr'>propositione</span> <span class='ocrx_word' id='word_1_338' title='bbox 841 3740 1007 3814; x_wconf 83' lang='lat' dir='ltr'>lounaliter,</span> <span class='ocrx_word' id='word_1_339' title='bbox 1036 3759 1095 3807; x_wconf 84' lang='lat' dir='ltr'>est</span> 
     </span>
     <span class='ocr_line' id='line_1_45' title="bbox 146 3818 1097 3915; baseline 0.002 -33"><span class='ocrx_word' id='word_1_340' title='bbox 146 3821 282 3882; x_wconf 88' lang='lat' dir='ltr'>contineri</span> <span class='ocrx_word' id='word_1_341' title='bbox 305 3833 338 3880; x_wconf 92' lang='lat' dir='ltr'>ut</span> <span class='ocrx_word' id='word_1_342' title='bbox 360 3819 503 3915; x_wconf 81' lang='lat' dir='ltr'>proprium</span> <span class='ocrx_word' id='word_1_343' title='bbox 523 3818 583 3897; x_wconf 88' lang='lat' dir='ltr'>ejus</span> <span class='ocrx_word' id='word_1_344' title='bbox 606 3819 792 3896; x_wconf 85' lang='lat' dir='ltr'>significatum</span> <span class='ocrx_word' id='word_1_345' title='bbox 816 3821 915 3880; x_wconf 89' lang='lat' dir='ltr'>saltem</span> <span class='ocrx_word' id='word_1_346' title='bbox 935 3823 1097 3902; x_wconf 81' lang='lat' dir='ltr'>partiale·</span> 
     </span>
    </p>
   </div>
   <div class='ocr_carea' id='block_1_3' title="bbox 146 3901 1102 3987">
    <p class='ocr_par' dir='ltr' id='par_1_12' title="bbox 146 3901 1102 3987">
     <span class='ocr_line' id='line_1_46' title="bbox 146 3901 1102 3987; baseline 0.007 -22"><span class='ocrx_word' id='word_1_347' title='bbox 146 3903 300 3966; x_wconf 67' lang='lat' dir='ltr'>ritualiter</span> <span class='ocrx_word' id='word_1_348' title='bbox 312 3915 405 3964; x_wconf 83' lang='lat' dir='ltr'>autem</span> <span class='ocrx_word' id='word_1_349' title='bbox 419 3902 577 3962; x_wconf 88' lang='lat' dir='ltr'>continetur</span> <span class='ocrx_word' id='word_1_350' title='bbox 589 3902 743 3982; x_wconf 89' lang='lat' dir='ltr'>propositio</span> <span class='ocrx_word' id='word_1_351' title='bbox 756 3901 785 3961; x_wconf 90' lang='lat' dir='ltr'>iu</span> <span class='ocrx_word' id='word_1_352' title='bbox 798 3905 942 3982; x_wconf 80' lang='lat' dir='ltr'>premissa</span> <span class='ocrx_word' id='word_1_353' title='bbox 956 3908 996 3970; x_wconf 87' lang='lat' dir='ltr'>de</span> <span class='ocrx_word' id='word_1_354' title='bbox 1010 3909 1102 3987; x_wconf 81' lang='lat' dir='ltr'>fide&#39;,</span> 
     </span>
    </p>
   </div>
   <div class='ocr_carea' id='block_1_4' title="bbox 0 0 1125 4050">
    <p class='ocr_par' dir='ltr' id='par_1_13' title="bbox 0 0 1125 4050">
     <span class='ocr_line' id='line_1_47' title="bbox 0 0 1125 4050; baseline 0 0"><span class='ocrx_word' id='word_1_355' title='bbox 0 0 1125 4050; x_wconf 95' lang='lat' dir='ltr'> </span> 
     </span>
    </p>
   </div>
  </div>
 </body>
</html>
