2188 4052
346 144 389 186 nn
403 143 610 186 vrnrurrrus.
905 127 944 182 93

45 286 90 342 Ex
106 287 193 356 dictis
208 301 298 366 patet,
322 287 429 364 agruvi
452 302 569 364 peccato
593 309 648 348 non
663 288 793 348 excusati.
810 289 876 348 illos
897 291 946 366 qui

6 369 110 436 dicunt,
135 389 168 426 nc
193 369 359 428 formalibus
382 367 561 446 hlasphemiis
585 371 627 428 uti
651 371 711 428 sinc
735 371 828 430 animo
850 372 945 430 Deum

6 448 234 524 blasphemandi,
264 471 374 527 sesque,
393 469 440 508 eas
468 452 575 510 nutum
605 451 715 510 effutire
746 473 798 529 per
830 453 946 510 modum

7 529 315 605 interjectionum.
348 591 351 600 ,

45 614 91 666 An
117 611 301 690 blasphemia
321 633 357 671 ex
382 614 585 672 consuetudine
605 615 713 692 prolata
734 629 777 674 ert
799 628 946 693 peecatum

8 691 146 750 mortale?

43 773 111 830 VII.
137 774 181 832 R.
200 775 385 843 Affirmatire,
401 775 535 850 quamdiu
558 777 732 836 consuetudo
755 797 811 834 uon
835 789 878 834 eat
901 793 946 834 rc-

8 867 143 912 tractnta:
168 857 331 915 voluntaria
354 857 429 914 enim
458 859 633 916 consuetudo
660 879 716 916 non
741 869 868 925 'excusat
896 859 948 916 sed

8 949 138 1010 aggravat
153 938 253 1014 ipsum
268 937 425 1015 peccaturi,
449 951 482 996 ut
497 938 534 996 N.
557 943 605 998 38.
627 942 692 998 “de
715 941 824 1000 actibus
849 938 946 998 hunta-

9 1024 23 1048 “
36 1016 95 1073 nis''
112 1019 231 1077 dictum
248 1033 299 1078 est.
946 1053 949 1060 ·

334 1347 551 1424 oceano
572 1349 632 1414 vr.

280 1517 339 1576 DE
361 1463 542 1580 REGULiS
564 1519 686 1578 FIDEI.

440 1699 526 1730 a

88 1849 117 1900 .·
205 1847 315 1906 usse..
333 1933 335 1938 Ι
350 1848 408 1907 nu
431 1849 613 1911 naeuus
635 1849 756 1935 nnat.

10 2009 27 2065 1.
40 2007 270 2086 Repuloefidei.
297 2011 337 2068 11.
355 2010 434 2070 Sunt
446 2015 583 2090 qrdnque.
610 2013 666 2072 Ill.
680 2011 760 2072 Duae
770 2013 949 2073 nantmctae.

311 2093 364 2150 IV.
384 2093 429 2152 Et
441 2103 498 2152 trec
511 2097 656 2153 animata.

11 2283 30 2339 1.
48 2251 250 2334 REGULA
265 2275 332 2334 fidei
345 2273 392 2336 hic
406 2289 522 2336 vocatur
535 2277 634 2336 stabile
648 2277 787 2353 quoddam
799 2288 828 2335 et
838 2271 950 2354 ¹perma-

12 2384 71 2422 nens
87 2357 278 2441 principium,
300 2360 374 2434 quod
389 2358 530 2434 objectum
545 2359 611 2417 fidei
626 2358 781 2420 Catholicae
794 2359 875 2416 nobis
899 2378 948 2434 ap·

12 2445 100 2521 plicat,
115 2459 173 2498 seu
188 2457 248 2514 quo
262 2440 353 2516 prima
365 2442 467 2498 veritas
481 2439 618 2508 revelans,
639 2453 668 2498 et
682 2439 814 2497 divinitu·
827 2439 951 2500 revelata

11 2528 84 2584 nobis
99 2521 325 2582 manifestantur
346 2533 374 2580 et
388 2521 572 2580 infallibiliter
585 2522 764 2580 innotescunt
787 2539 851 2578 cnm
872 2519 958 2580 suffi·'

1 2607 89 2665 rienti
103 2602 316 2664 credibilitate.

46 2691 84 2748 11.
108 2688 190 2747 Sunt
205 2695 302 2741 autem
319 2684 440 2760 quinqua
452 2683 612 2762 hujusmodi
626 2683 739 2761 regulae,
754 2703 870 2759 quarum
885 2683 950 2742 dua

12 2771 180 2834 inanimatae,
197 2776 301 2822 ettres
315 2767 453 2824 animatae.
481 2819 485 2827 ι
855 2827 859 2842 .

46 2853 100 2912 111.
124 2847 256 2924 Regula
281 2847 346 2905 fidei
368 2848 527 2905 inanimatae
555 2846 685 2904 veritates
713 2847 779 2904 fidei
803 2843 951 2904 catholicon

12 2934 130 2992 adinstar
157 2929 287 3005 depositi
309 2929 462 2998 continent,
486 2939 606 3004 suntque
636 2927 779 3006 Scriptura
807 2927 899 2996 Sacra,
921 2940 951 2984 ct

15 3014 137 3074 Traditio
153 3009 265 3070 divina.
952 3029 957 3036 ·

45 3097 95 3154 IV.
119 3093 242 3170 Regula
256 3089 322 3148 fidei
336 3091 459 3148 animata
471 3101 523 3156 cst,
540 3109 603 3166 quae
620 3091 701 3148 nobis
727 3109 768 3158 ca,
791 3110 854 3166 qnae
869 3089 951 3148 Deus
967 3153 968 3158 η

15 3177 141 3236 revelarit
161 3174 305 3240 declarat,
327 3172 368 3230 sic
383 3185 413 3230 ut
428 3191 461 3229 ea
475 3173 645 3230 sufficienter
658 3183 794 3249 proponat
818 3185 950 3246 tanquam

15 3259 61 3316 lde
74 3259 175 3316 divini
190 3255 342 3322 credenda,
358 3267 458 3330 estque
472 3253 583 3330 triplex,
602 3255 709 3311 scilicet
724 3251 860 3320 Ecclesia,
875 3252 952 3311 Con·

17 3340 98 3398 cilium
122 3336 275 3417 generale,
300 3347 329 3393 et
351 3355 477 3392 nummus
502 3335 634 3394 Pontifex
662 3353 697 3393 cx
727 3334 859 3392 cathedra
882 3333 951 3392 defi-

17 3441 91 3478 niens.

50 3503 91 3560 De
105 3502 151 3560 his
168 3497 285 3566 ordine,
301 3499 349 3555 ced
364 3498 487 3555 breviter
500 3517 631 3574 agemus:
647 3497 709 3554 fuse
720 3497 817 3554 cadem
829 3507 952 3554 tractant

20 3579 432 3661 Ballarm.Sylvi1uinTract.
455 3585 473 3614 “
486 3580 521 3638 de
542 3579 736 3638 controversiir
761 3577 866 3650 Fidei‚'’
890 3577 952 3636 alii·

20 3685 68 3742 qur.
