2248 4070
386 173 428 214 nu
449 173 593 218 sacrans.
724 169 728 178 ·
892 157 952 216 881
1037 145 1039 154 '

57 315 164 376 Titulo
187 316 316 376 utilitatis
338 318 405 376 boni
429 320 586 378 communis
607 319 765 398 permititur
777 337 838 398 cap.
852 317 952 379 chsr

12 403 31 432 “
48 399 89 456 de
107 397 220 467 Feriis,”
234 411 267 456 ut
276 399 383 476 possint
398 401 496 460 diebus
510 401 667 462 Dominicis
682 415 711 460 et
726 401 823 471 Pestis,
838 415 953 478 prmter·

13 499 104 554 quam
120 479 151 538 in
165 479 314 558 mejeribus
328 484 394 541 anni
417 483 649 555 solemnitatibus,
664 483 808 545 intendere
828 495 954 562 capturae

14 560 172 630 halecium,
187 581 250 637 quae
264 575 341 622 certo
354 563 462 622 tantum
476 577 602 642 tempore
616 579 697 624 terrae
711 565 854 623 inclinent.

59 641 210 714 Similiter,
221 643 245 702 si
259 643 368 704 lucrum
381 645 465 706 alicui
479 647 517 704 sit
526 648 711 706 necessarium
725 647 761 706 ad
772 647 886 714 v'ictum,
897 646 952 704 erit

15 742 106 782 causa
119 725 313 784 necessitatis:
333 726 374 784 sic
388 728 560 804 permittitur
572 729 750 806 pauperibus,
771 721 803 787 ut
824 727 959 806 privatim

15 805 160 874 laborent,
176 805 199 864 si
209 807 290 866 aliter
302 828 333 866 se
348 822 376 866 et
386 829 452 868 suos
463 809 537 868 alere
551 823 690 886 nequeant
700 811 806 890 aidque
821 811 950 880 maxims,

15 886 39 942 si
55 886 143 963 plura
157 888 240 946 Festa
254 904 427 960 concurrant,
438 904 468 948 et
481 890 549 949 aliis
563 892 736 968 negligentes
749 911 805 948 nou
820 891 933 950 fuerint.
1036 961 1041 968 ι

58 969 184 1033 Coactio
197 970 241 1028 vel
256 985 428 1048 preceptum
443 973 592 1050 superioris
613 993 676 1032 cum
700 973 800 1032 timore
823 972 953 1031 notabilis

17 1049 87 1106 mali
103 1070 239 1110 excusare
253 1063 355 1128 potest,
376 1054 461 1112 modb
474 1074 529 1114 non
544 1055 593 1114 fiat
616 1055 644 1112 iu
667 1066 859 1131 contemptum
874 1053 956 1112 Reli·

18 1131 131 1206 gionis;
152 1133 194 1191 sic
208 1134 385 1202 famulantes,
396 1135 444 1210 qui
458 1135 504 1195 die
519 1136 603 1194 Festo
616 1136 767 1212 adiguntur
779 1136 815 1194 ad
829 1135 949 1204 servilia,

18 1213 150 1290 alioquin
164 1215 257 1272 statim
272 1215 432 1276 dimittendi
443 1235 508 1276 cum
519 1218 595 1294 greti
606 1217 783 1276 incommodo
793 1216 864 1296 (leri
874 1236 956 1276 nam-1

19 1314 73 1372 que
88 1296 273 1354 incommodo
286 1296 333 1355 lex
347 1318 402 1356 noo
417 1296 508 1374 cedit)
522 1299 649 1357 excusari
669 1311 785 1376 possunt
808 1298 951 1377 tantisper,

20 1377 113 1435 dorrec
140 1376 230 1454 primi
257 1379 465 1455 opportunitate
491 1381 556 1438 datai
583 1381 643 1439 siue
670 1381 746 1458 gravi
774 1380 957 1438 incommodo

20 1459 191 1517 lamulstum
205 1459 284 1518 illum
300 1462 427 1520 deserere
441 1474 552 1538 queant.

60 1540 142 1604 Quid
158 1541 327 1600 censendum
342 1542 378 1600 de
400 1544 554 1619 opificibus,
578 1542 626 1618 qui
651 1543 696 1600 die
720 1543 803 1601 Festo
826 1542 958 1600 laborant

21 1625 98 1680 mere
113 1622 190 1690 ideo,
205 1643 241 1684 nc
254 1622 380 1684 homines
394 1626 466 1684 torte
479 1625 613 1684 accedant
626 1625 712 1684 alium
726 1623 877 1701 opificem?

62 1703 100 1762 R.
118 1703 151 1762 Si
174 1705 252 1763 nulls
275 1705 330 1763 alia
353 1705 561 1764 circumstantia
584 1718 721 1774 occurrat,
746 1705 874 1764 Pauwels
896 1723 956 1762 non

23 1785 149 1844 admittit
163 1785 236 1848 hauc
259 1806 369 1846 musam
391 1797 424 1846 ut
447 1788 648 1854 sufficientem:
668 1788 734 1863 quia
756 1801 824 1845 tunc
843 1783 953 1844 tantdm

23 1867 162 1944 quaeritur
181 1868 298 1938 lucrum,
324 1881 353 1928 et
374 1868 428 1928 hoc
451 1869 512 1929 siue
533 1869 718 1937 necessitate3
738 1869 762 1926 si
783 1869 858 1926 enim
882 1867 958 1945 ipsis

23 1959 101 2008 tanta
128 1950 212 2026 copia
238 1951 387 2020 deleratur,
414 1962 446 2010 ut
474 1952 519 2010 die
548 1951 632 2010 Festo
659 1961 793 2026 cogantur
819 1950 953 2018 laborare,

24 2031 125 2088 meritb
137 2031 281 2090 dimittent
294 2033 423 2108 quaedam
437 2053 522 2110 opera
534 2033 596 2091 aliis
610 2032 733 2110 ejusdem
758 2031 824 2090 artis
846 2030 958 2108 opifici·-

24 2112 92 2170 bus:
114 2123 147 2170 et
171 2115 247 2170 certe
269 2133 385 2172 rannac
408 2115 555 2174 mmermia
578 2127 622 2172 est
645 2114 795 2172 solicitudo
818 2111 957 2182 timentis,

26 2213 58 2252 ne
72 2194 187 2271 copiam
201 2195 292 2270 operis
306 2197 414 2272 perdat,
428 2197 477 2272 qui
485 2217 536 2273 pro
545 2196 723 2255 observandis
737 2195 794 2252 Dei
804 2193 954 2272 preceptis

26 2275 137 2333 lucrum
154 2277 307 2354 temporale
331 2277 548 2346 dimittit;ci1m
573 2278 655 2336 Deus
677 2277 761 2334 Festa
781 2276 960 2334 servantibus

27 2357 106 2414 lsaiae
118 2359 239 2434 cap.57.
249 2358 381 2418 Jeremiae
395 2379 456 2436 cap.
473 2361 519 2416 17.
533 2371 562 2418 et
576 2359 641 2418 alibi
655 2377 730 2435 saepe
745 2356 960 2440 benedictiones

27 2439 182 2515 promittat,
197 2452 226 2496 et
241 2439 449 2498 maledictiones
463 2440 630 2498 violantibus
644 2441 773 2498 intentet.

65 2520 163 2578 Etiam
178 2520 291 2578 titulum
306 2521 448 2580 laborandi
462 2522 508 2580 die
523 2521 607 2580 Festo
621 2523 696 2580 mere
710 2521 746 2578 ob
768 2521 875 2580 lucrum
897 2539 955 2576 non

28 2603 163 2677 approbat
179 2601 292 2671 Suarez,
306 2603 359 2660 nisi
381 2604 516 2662 accedant
537 2602 752 2661 circumstantia
774 2601 959 2679 paupertatis,

29 2683 210 2751 necessitatis,
239 2683 291 2742 bc.
318 2685 384 2760 quia
404 2685 499 2750 „multb
526 2685 619 2742 minus
646 2696 688 2742 ert
713 2690 797 2742 “nou
824 2681 955 2752 lucrari,”

30 2764 109 2839 quium
134 2764 291 2822 “damnum
306 2765 381 2842 pati''
395 2766 424 2824 in
438 2768 520 2824 rebus
529 2765 587 2842 jam
603 2764 713 2824 habitis.

66 2846 215 2904 Excusant
228 2859 321 2906 tamen
336 2847 440 2909 Pontes
454 2860 483 2906 et
499 2848 617 2906 Billuurt
630 2847 703 2915 illos,
725 2846 772 2922 qui
795 2845 875 2903 bonis
897 2846 953 2904 lor·

31 2939 103 2984 tunm
119 2947 175 2984 non
187 2929 360 2988 abundanter
373 2929 501 2987 instructi
515 2929 652 2996 laborant,
664 2928 790 2986 vendunt
801 2927 843 2986 rel
858 2940 958 2993 emuna

31 3021 143 3085 propter
171 3029 316 3069 occursum
344 3011 416 3068 locri
443 3011 611 3068 nauseantis
638 3010 728 3086 gravis
750 3007 900 3075 momenti;
920 3027 956 3066 eo

33 3091 106 3166 quod
121 3104 251 3167 respectu
264 3089 362 3150 borum
377 3093 432 3151 tale
447 3091 555 3152 lucrum
570 3111 680 3150 cessans
695 3109 757 3150 rere
779 3099 960 3167 reputaretur

33 3173 172 3230 damnum.
512 3219 525 3238 ,

70 3252 268 3330 Finaliterpro
282 3254 410 3312 omnibus
424 3253 535 3314 casibus
558 3255 682 3321 observa,
707 3265 739 3310 ut
760 3251 828 3311 nihil
853 3251 902 3310 fiat
925 3250 959 3310 iu

34 3333 154 3392 fraudem
170 3335 258 3410 legin
278 3355 314 3394 ne
328 3356 413 3412 opera
426 3335 589 3394 differantur
602 3335 629 3392 in
652 3334 727 3392 diem
741 3334 865 3401 Festum,
890 3351 958 3407 qum

35 3427 93 3471 aute
107 3416 168 3472 fieri
182 3430 327 3493 poterent;
343 3430 372 3474 et
384 3437 420 3476 ne
434 3436 554 3492 unquam
570 3415 633 3492 plus
647 3427 753 3490 agatur,
764 3416 846 3492 quim
860 3433 960 3473 neceb

37 3495 104 3569 sitas,
119 3497 253 3558 damnum
266 3499 458 3572 avertendum,
474 3499 525 3558 &c
539 3497 691 3576 postulant.
