2228 4076
157 99 219 158 ιιι
547 118 723 162 recrarns

156 263 475 339 gumnoemmt,
495 266 683 324 “secuudum
696 263 746 322 se''
759 274 885 341 superet,
909 273 942 322 et
957 261 1025 322 Dei
1041 283 1099 322 mo

156 345 225 402 (hta
236 359 398 404 consumet
409 347 535 424 impleat.
577 345 638 406 Hic
660 365 742 405 amor
757 345 898 425 justificat
920 345 988 402 sine
1050 374 1052 393 =
1098 374 1100 395 z

156 437 264 484 mento.
426 455 431 460 ·

198 507 316 566 Dictum
328 519 372 565 est
386 513 407 542 “
415 509 570 566 secundino
585 529 617 567 sa
627 509 654 567 :⁸⁹
668 510 736 586 quia
747 519 845 586 potoet
857 527 941 566 amor
955 507 1012 565 ille
1028 507 1086 564 im
1099 534 1101 541 ·

156 588 211 646 diri
225 609 276 666 per
289 589 408 646 liberum
426 591 592 648 arbitrium:
613 611 671 648 non
692 603 812 649 rocenat
831 591 932 666 itaque
955 609 1049 646 amor
1073 589 1114 646 ili

158 669 264 728 effectu
278 691 362 748 super
375 672 470 729 omnia
482 675 560 730 mere
572 675 609 730 ab
622 687 736 740 eventu,
751 673 802 730 sed
815 673 852 730 ab
875 671 1047 729 intrinseca
1076 698 1096 720 -·

156 751 194 819 vi.
208 765 239 810 et
252 752 377 810 efficacis
388 767 547 830 prasente:
567 756 697 830 adeoque
710 755 735 811 si
757 753 821 830 quis
844 765 950 830 postea
976 751 1111 811 cadat'1

155 847 303 927 pecretum
329 835 456 904 mortale,
481 835 566 892 etiam
591 837 740 893 ordinariis
761 836 870 894 tannim
896 834 1110 892 tentationib

156 915 346 991 impugnatus,
361 935 398 973 ex
411 937 447 973 eo
460 919 539 974 certo
559 937 617 978 non
641 917 862 987 conciuditur,
854 935 951 994 ipsum
977 935 1046 974 non
1080 944 1106 965 ιι

156 996 252 1054 buius
264 1016 387 1054 amomm
402 998 458 1055 Dei
473 1000 668 1075 superomnia
681 999 795 1057 effectu.

198 1077 290 1135 Penes
303 1078 372 1153 quid
384 1079 518 1137 differunt
530 1099 611 1138 amor
624 1081 683 1138 Dei
697 1099 783 1157 super
795 1079 891 1138 omnia
913 1077 1036 1137 affectu
1067 1106 1082 1129 »ε
1096 1110 1099 1127 ι

156 1159 227 1226 tritu,
240 1173 271 1217 et
283 1179 363 1217 amor
375 1161 433 1218 Dei
446 1181 533 1238 super
545 1161 641 1220 omnia
653 1162 784 1220 effectu?

199 1241 237 1299 R.
251 1241 352 1298 Verior
364 1242 476 1300 videtur
489 1245 630 1302 sententia
642 1243 767 1310 iliorum,
782 1241 875 1318 iuquit
886 1241 1055 1310 Dasium,
1070 1254 1114 1316 qn

156 1323 334 1382 dicuntiiios
355 1323 428 1381 duos
451 1345 562 1382 amores
581 1327 693 1384 tantum
717 1325 831 1383 differre
852 1343 943 1400 penes
965 1323 1044 1380 dive
1063 1350 1084 1373 ιτ
1098 1352 1114 1373 o

155 1418 271 1462 actuum
286 1405 481 1464 intensionem.
521 1408 596 1464 Vide
610 1407 761 1475 Deciman,
774 1419 855 1463 tomo
868 1407 899 1462 8.
912 1404 1057 1463 oratione
1071 1405 1113 1462 2.·

199 1484 315 1544 Relictis
337 1487 449 1544 iliorum
471 1489 657 1546 terminorum
678 1487 894 1566 disceptatione,
915 1499 1041 1544 certum
1067 1497 1112 1556 est,

156 1568 233 1644 quod
246 1587 325 1625 amor
338 1569 396 1626 Dei
409 1571 563 1628 benevolus
576 1571 724 1647 pervenire
738 1571 827 1647 possit
841 1569 878 1627 ad
903 1579 1026 1625 tantam
1054 1580 1112 1644 pm*

157 1650 318 1717 tectionem,
332 1652 473 1708 utstatim
488 1651 631 1710 hominem
648 1651 797 1728 justificet,
818 1651 991 1728 priusquam
1015 1650 1112 1709 Sacra·

157 1743 284 1789 mentum
298 1745 364 1789 actu
377 1733 554 1810 suscipiatur,
568 1747 601 1800 ut
615 1733 701 1792 docet
715 1733 795 1791 Trid.
819 1732 895 1790 sess.
919 1732 970 1788 14.
994 1751 1067 1809 cep-
1088 1731 1111 1790 dt

157 1813 233 1871 unde
247 1826 277 1871 at
290 1811 498 1873 hicamornon
513 1816 643 1874 consistit
656 1835 722 1873 cum
744 1827 825 1872 reatu
848 1825 967 1871 eternas
992 1814 1110 1872 damnat

154 1895 250 1964 tionis,
264 1895 306 1952 uti
322 1896 410 1954 voluit
431 1896 536 1973 Bejus3
555 1911 588 1955 ut
602 1910 682 1974 patet
695 1917 732 1954 ex
756 1896 818 1973 ejus
840 1894 1050 1972 propositione
1066 1895 1109 1952 7⁰:

155 1977 304 2036 damnati:
324 1983 343 2012 ‘⁸
355 1978 452 2036 Homo
466 1980 591 2036 existens
603 1980 633 2035 in
648 1990 766 2055 peccato
776 1977 897 2043 mortali,
907 1977 972 2034 sive
982 1976 1020 2034 iu
1032 1987 1108 2034 reatu

156 2066 176 2094 “
189 2072 304 2118 eterne
317 2061 512 2130 damnationis,
526 2074 623 2138 potest
635 2059 738 2118 habere
752 2079 846 2118 veram
871 2057 1063 2127 charitatem,
1083 2064 1110 2115 ct

156 2146 176 2175 “
188 2140 308 2200 charitas
318 2141 403 2199 etiam
414 2144 538 2218 perfecta
546 2155 643 2219 potest
652 2143 807 2200 consistens
816 2159 880 2199 cum
892 2149 977 2198 reatu
988 2153 1108 2198 artemo

155 2229 175 2258 ‘⁸
189 2223 403 2282 damnationis.”
425 2225 545 2282 ΡιιιιΙιιι
558 2225 679 2290 scilicet,
692 2243 744 2300 per
757 2221 922 2282 charitatem
942 2222 1106 2294 perfectam

156 2324 213 2363 uon
227 2305 332 2362 remitti
346 2319 491 2382 peccotum
507 2307 626 2363 mortale
639 2319 720 2364 extra
732 2324 828 2364 casum
849 2302 1038 2360 necessitatis
1062 2313 1107 2360 aut

149 2387 326 2463 Martyrii'
304 2407 364 2446 stne
377 2388 481 2445 actuali
495 2388 674 2464 susceptione
689 2385 871 2453 Saommenti,
889 2397 923 2441 ut
937 2397 1061 2442 constat
1073 2401 1112 2440 or¹

91 2529 94 2536 ,
156 2467 421 2610 ᾁιέιέιιὸιὲιὲιηιιὶιὶοιε
436 2473 522 2610 ΊΡΙ.
476 2471 585 2528 ‚Plura
599 2468 655 2526 huc
668 2467 824 2546 spectantis
836 2465 949 2546 inquire
964 2466 999 2526 iu
1011 2465 1107 2524 Trett.¹

328 2565 423 2610 mettio
469 2551 649 2612 muiieniiaed'

265 2795 304 2856 N.
323 2795 388 2854 tto.
428 2797 487 2856 DE
510 2795 695 2855 OBJECTO
717 2791 994 2854 CHARITATIS.

420 2957 453 3018 s.
476 2957 575 3018 riom.
589 2961 617 3016 ι.
631 2961 660 3016 ι.
674 2966 774 3036 qttaest
789 2957 838 3014 25.
1093 2948 1106 2987 ·

161 3127 186 3186 Ι.
212 3124 359 3204 offertum
381 3121 533 3180 cltnritotis
573 3122 613 3180 ΙΙ.
634 3120 773 3180 Formale
785 3128 825 3177 est
846 3117 961 3176 bonius
985 3117 1055 3179 Dei
1080 3119 1109 3172 ⁸,

262 3227 299 3266 oc·
340 3205 396 3264 111.
422 3204 466 3264 ob
479 3223 568 3282 qttttm
581 3213 668 3262 ιιιαηι
679 3202 815 3278 diligitur
831 3201 1000 3278 proximus.
1075 3120 1109 3335 ἶ

202 3368 459 3434 QUOTUPLEX
472 3379 516 3425 est
530 3365 671 3442 objectum
686 3363 852 3424 charitatis?
1093 3333 1108 3420 1

204 3452 227 3510 1.
244 3452 280 3508 11.
295 3452 348 3508 Ειι
361 3451 476 3528 duplex
491 3448 622 3506 nimirum
638 3447 780 3504 materiaie
794 3459 823 3502 et
836 3443 963 3502 formale.
1008 3444 1108 3504 Mate·

163 3533 231 3590 riuis
245 3533 451 3589 subdividitur
444 3551 472 3587 ιιι
486 3530 647 3608 primarium
663 3541 693 3586 et
705 3525 909 3587 secundarium.

205 3613 354 3676 Quodnam
369 3629 413 3670 est
426 3612 566 3689 objectum
581 3611 697 3668 formale
712 3609 861 3678 charitatis,
885 3627 936 3666 seu
960 3613 1099 3668 motivum

163 3705 213 3752 aut
227 3691 298 3750 ratio
312 3693 444 3765 fonnalis,
458 3713 543 3774 qunrc
557 3713 592 3752 ox
607 3691 740 3754 chunuto
754 3691 911 3768 diligendus
924 3689 963 3750 sit
974 3691 1062 3753 Deus

165 3773 330 3854 proximus?

243 3873 253 3900 1
