<?xml version="1.0" encoding="UTF-8"?>
<!DOCTYPE html PUBLIC "-//W3C//DTD XHTML 1.0 Transitional//EN"
    "http://www.w3.org/TR/xhtml1/DTD/xhtml1-transitional.dtd">
<html xmlns="http://www.w3.org/1999/xhtml" xml:lang="en" lang="en">
 <head>
  <title>
</title>
<meta http-equiv="Content-Type" content="text/html;charset=utf-8" />
  <meta name='ocr-system' content='tesseract 3.04.00' />
  <meta name='ocr-capabilities' content='ocr_page ocr_carea ocr_par ocr_line ocrx_word'/>
</head>
<body>
  <div class='ocr_page' id='page_1' title='image "./theologiamorali03densgoog_0107.png"; bbox 0 0 2216 4056; ppageno 0'>
   <div class='ocr_carea' id='block_1_1' title="bbox 176 103 780 167">
    <p class='ocr_par' dir='ltr' id='par_1_1' title="bbox 176 103 780 167">
     <span class='ocr_line' id='line_1_1' title="bbox 176 103 780 167; baseline 0 -5"><span class='ocrx_word' id='word_1_1' title='bbox 176 103 217 162; x_wconf 77' lang='grc'><strong>98</strong></span> <span class='ocrx_word' id='word_1_2' title='bbox 516 149 519 156; x_wconf 88' lang='grc'><strong>.</strong></span> <span class='ocrx_word' id='word_1_3' title='bbox 544 117 737 167; x_wconf 73' lang='lat' dir='ltr'><strong>susumus</strong></span> <span class='ocrx_word' id='word_1_4' title='bbox 777 129 780 138; x_wconf 50' lang='lat'><strong><em>⁴</em></strong></span> 
     </span>
    </p>
   </div>
   <div class='ocr_carea' id='block_1_2' title="bbox 165 261 1105 1570">
    <p class='ocr_par' dir='ltr' id='par_1_2' title="bbox 212 261 993 343">
     <span class='ocr_line' id='line_1_2' title="bbox 212 261 993 343; baseline 0.005 -19"><span class='ocrx_word' id='word_1_5' title='bbox 212 263 379 343; x_wconf 83' lang='lat' dir='ltr'><strong>Quotuplsx</strong></span> <span class='ocrx_word' id='word_1_6' title='bbox 392 261 577 340; x_wconf 72' lang='lat' dir='ltr'><strong>distinguitur</strong></span> <span class='ocrx_word' id='word_1_7' title='bbox 588 283 688 324; x_wconf 82' lang='lat' dir='ltr'><strong>sanem</strong></span> <span class='ocrx_word' id='word_1_8' title='bbox 702 264 856 342; x_wconf 62' lang='lat' dir='ltr'><strong>summ</strong></span> <span class='ocrx_word' id='word_1_9' title='bbox 868 264 966 328; x_wconf 68' lang='lat' dir='ltr'><strong>saun</strong></span> <span class='ocrx_word' id='word_1_10' title='bbox 977 267 993 328; x_wconf 80' lang='lat' dir='ltr'><strong>i</strong></span> 
     </span>
    </p>

    <p class='ocr_par' dir='ltr' id='par_1_3' title="bbox 212 345 1081 427">
     <span class='ocr_line' id='line_1_3' title="bbox 212 345 1081 427; baseline 0.007 -21"><span class='ocrx_word' id='word_1_11' title='bbox 212 347 255 406; x_wconf 91' lang='lat'><strong>11.</strong></span> <span class='ocrx_word' id='word_1_12' title='bbox 270 346 308 406; x_wconf 90' lang='lat' dir='ltr'><strong>R.</strong></span> <span class='ocrx_word' id='word_1_13' title='bbox 326 348 372 404; x_wconf 90' lang='lat'><strong>1⁰.</strong></span> <span class='ocrx_word' id='word_1_14' title='bbox 387 345 535 404; x_wconf 84' lang='lat' dir='ltr'><strong>Dividitur</strong></span> <span class='ocrx_word' id='word_1_15' title='bbox 548 346 578 404; x_wconf 91' lang='lat' dir='ltr'><strong>iu</strong></span> <span class='ocrx_word' id='word_1_16' title='bbox 591 365 705 406; x_wconf 81' lang='lat' dir='ltr'><strong>sensum</strong></span> <span class='ocrx_word' id='word_1_17' title='bbox 719 346 858 406; x_wconf 85' lang='lat' dir='ltr'><strong>literalem</strong></span> <span class='ocrx_word' id='word_1_18' title='bbox 869 360 900 408; x_wconf 86' lang='lat' dir='ltr'><strong>et</strong></span> <span class='ocrx_word' id='word_1_19' title='bbox 913 351 1081 427; x_wconf 79' lang='lat' dir='ltr'><strong>mysticum.</strong></span> 
     </span>
    </p>

    <p class='ocr_par' dir='ltr' id='par_1_4' title="bbox 170 426 1105 588">
     <span class='ocr_line' id='line_1_4' title="bbox 211 426 1105 510; baseline 0.006 -24"><span class='ocrx_word' id='word_1_20' title='bbox 211 427 346 487; x_wconf 79' lang='lat' dir='ltr'><strong>Litsrelis</strong></span> <span class='ocrx_word' id='word_1_21' title='bbox 358 426 547 486; x_wconf 77' lang='lat' dir='ltr'><strong>subdividitur</strong></span> <span class='ocrx_word' id='word_1_22' title='bbox 558 427 589 484; x_wconf 89' lang='lat' dir='ltr'><strong>in</strong></span> <span class='ocrx_word' id='word_1_23' title='bbox 609 447 722 488; x_wconf 83' lang='lat' dir='ltr'><strong>sensum</strong></span> <span class='ocrx_word' id='word_1_24' title='bbox 737 427 874 488; x_wconf 70' lang='lat' dir='ltr'><strong>literalem</strong></span> <span class='ocrx_word' id='word_1_25' title='bbox 898 432 1060 510; x_wconf 84' lang='lat' dir='ltr'><strong>proprium,</strong></span> <span class='ocrx_word' id='word_1_26' title='bbox 1083 453 1105 494; x_wconf 69' lang='lat' dir='ltr'><strong>e:</strong></span> 
     </span>
     <span class='ocr_line' id='line_1_5' title="bbox 170 507 666 588; baseline 0.002 -20"><span class='ocrx_word' id='word_1_27' title='bbox 170 509 355 588; x_wconf 85' lang='lat' dir='ltr'><strong>improprium</strong></span> <span class='ocrx_word' id='word_1_28' title='bbox 368 529 421 568; x_wconf 89' lang='lat' dir='ltr'><strong>seu</strong></span> <span class='ocrx_word' id='word_1_29' title='bbox 433 507 666 586; x_wconf 74' lang='lat' dir='ltr'><strong>metaphoricum.</strong></span> 
     </span>
    </p>

    <p class='ocr_par' dir='ltr' id='par_1_5' title="bbox 169 589 1105 754">
     <span class='ocr_line' id='line_1_6' title="bbox 211 589 1105 674; baseline 0.004 -24"><span class='ocrx_word' id='word_1_30' title='bbox 211 591 356 671; x_wconf 85' lang='lat' dir='ltr'><strong>Mystiens</strong></span> <span class='ocrx_word' id='word_1_31' title='bbox 370 589 559 649; x_wconf 82' lang='lat' dir='ltr'><strong>subdividitur</strong></span> <span class='ocrx_word' id='word_1_32' title='bbox 571 591 602 649; x_wconf 89' lang='lat' dir='ltr'><strong>in</strong></span> <span class='ocrx_word' id='word_1_33' title='bbox 611 590 802 670; x_wconf 72' lang='lat' dir='ltr'><strong>allegoricum,</strong></span> <span class='ocrx_word' id='word_1_34' title='bbox 812 592 999 674; x_wconf 68' lang='lat' dir='ltr'><strong>unngogiunm</strong></span> <span class='ocrx_word' id='word_1_35' title='bbox 1010 607 1043 656; x_wconf 85' lang='lat' dir='ltr'><strong>et</strong></span> <span class='ocrx_word' id='word_1_36' title='bbox 1056 609 1105 656; x_wconf 79' lang='lat' dir='ltr'><strong>tre</strong></span> 
     </span>
     <span class='ocr_line' id='line_1_7' title="bbox 169 671 568 754; baseline -0.013 -20"><span class='ocrx_word' id='word_1_37' title='bbox 169 673 343 754; x_wconf 77' lang='lat' dir='ltr'><strong>pelegieum,</strong></span> <span class='ocrx_word' id='word_1_38' title='bbox 357 675 409 732; x_wconf 73' lang='lat' dir='ltr'><strong>seu</strong></span> <span class='ocrx_word' id='word_1_39' title='bbox 421 671 568 730; x_wconf 83' lang='lat' dir='ltr'><strong>merulam.</strong></span> 
     </span>
    </p>

    <p class='ocr_par' dir='ltr' id='par_1_6' title="bbox 210 753 616 822">
     <span class='ocr_line' id='line_1_8' title="bbox 210 753 616 822; baseline 0 -8"><span class='ocrx_word' id='word_1_40' title='bbox 210 755 289 822; x_wconf 81' lang='lat' dir='ltr'><strong>Quid</strong></span> <span class='ocrx_word' id='word_1_41' title='bbox 302 767 346 814; x_wconf 86' lang='lat' dir='ltr'><strong>est</strong></span> <span class='ocrx_word' id='word_1_42' title='bbox 359 773 458 813; x_wconf 83' lang='lat' dir='ltr'><strong>sensus</strong></span> <span class='ocrx_word' id='word_1_43' title='bbox 474 753 616 814; x_wconf 74' lang='lat' dir='ltr'><strong>literulis?</strong></span> 
     </span>
    </p>

    <p class='ocr_par' dir='ltr' id='par_1_7' title="bbox 166 835 1105 1160">
     <span class='ocr_line' id='line_1_9' title="bbox 208 835 1105 917; baseline 0.004 -21"><span class='ocrx_word' id='word_1_44' title='bbox 208 837 267 896; x_wconf 90' lang='lat'>111.</span> <span class='ocrx_word' id='word_1_45' title='bbox 287 836 325 896; x_wconf 85' lang='lat' dir='ltr'><strong>R.</strong></span> <span class='ocrx_word' id='word_1_46' title='bbox 340 836 393 896; x_wconf 87' lang='lat' dir='ltr'><strong>Est</strong></span> <span class='ocrx_word' id='word_1_47' title='bbox 406 835 465 906; x_wconf 87' lang='lat' dir='ltr'><strong>ille,</strong></span> <span class='ocrx_word' id='word_1_48' title='bbox 479 855 563 912; x_wconf 88' lang='lat' dir='ltr'><strong>quem</strong></span> <span class='ocrx_word' id='word_1_49' title='bbox 577 836 663 894; x_wconf 85' lang='lat' dir='ltr'><strong>verba</strong></span> <span class='ocrx_word' id='word_1_50' title='bbox 675 835 735 895; x_wconf 83' lang='lat' dir='ltr'><strong>sire</strong></span> <span class='ocrx_word' id='word_1_51' title='bbox 748 836 861 914; x_wconf 79' lang='lat' dir='ltr'><strong>preprid</strong></span> <span class='ocrx_word' id='word_1_52' title='bbox 872 835 934 894; x_wconf 75' lang='lat' dir='ltr'><strong>sive</strong></span> <span class='ocrx_word' id='word_1_53' title='bbox 954 837 1105 917; x_wconf 78' lang='lat' dir='ltr'><strong>improprii</strong></span> 
     </span>
     <span class='ocr_line' id='line_1_10' title="bbox 167 917 1105 998; baseline 0.001 -19"><span class='ocrx_word' id='word_1_54' title='bbox 167 930 285 997; x_wconf 78' lang='lat' dir='ltr'><strong>uecepts</strong></span> <span class='ocrx_word' id='word_1_55' title='bbox 297 938 334 976; x_wconf 83' lang='lat' dir='ltr'><strong>ex</strong></span> <span class='ocrx_word' id='word_1_56' title='bbox 350 917 471 995; x_wconf 70' lang='lat' dir='ltr'><strong>Spiritus</strong></span> <span class='ocrx_word' id='word_1_57' title='bbox 486 917 583 976; x_wconf 85' lang='lat' dir='ltr'><strong>Snneti</strong></span> <span class='ocrx_word' id='word_1_58' title='bbox 597 917 755 977; x_wconf 81' lang='lat' dir='ltr'><strong>intentione</strong></span> <span class='ocrx_word' id='word_1_59' title='bbox 776 918 983 978; x_wconf 71' lang='lat' dir='ltr'><strong>“immediate&#39;’</strong></span> <span class='ocrx_word' id='word_1_60' title='bbox 1002 921 1105 998; x_wconf 75' lang='lat' dir='ltr'><strong>signifi·</strong></span> 
     </span>
     <span class='ocr_line' id='line_1_11' title="bbox 169 998 1105 1080; baseline 0.001 -20"><span class='ocrx_word' id='word_1_61' title='bbox 169 1013 252 1060; x_wconf 71' lang='lat' dir='ltr'><strong>eunte</strong></span> <span class='ocrx_word' id='word_1_62' title='bbox 283 1001 410 1077; x_wconf 88' lang='lat' dir='ltr'><strong>adeoque</strong></span> <span class='ocrx_word' id='word_1_63' title='bbox 433 1019 531 1058; x_wconf 84' lang='lat' dir='ltr'><strong>sensus</strong></span> <span class='ocrx_word' id='word_1_64' title='bbox 559 998 678 1058; x_wconf 72' lang='lat' dir='ltr'><strong>litaniis</strong></span> <span class='ocrx_word' id='word_1_65' title='bbox 705 999 812 1078; x_wconf 80' lang='lat' dir='ltr'><strong>duplex</strong></span> <span class='ocrx_word' id='word_1_66' title='bbox 837 1009 890 1072; x_wconf 82' lang='lat' dir='ltr'><strong>em,</strong></span> <span class='ocrx_word' id='word_1_67' title='bbox 920 1002 1059 1080; x_wconf 78' lang='lat' dir='ltr'><strong>proprius</strong></span> <span class='ocrx_word' id='word_1_68' title='bbox 1083 1021 1105 1064; x_wconf 73' lang='lat' dir='ltr'><strong>et</strong></span> 
     </span>
     <span class='ocr_line' id='line_1_12' title="bbox 166 1081 345 1160; baseline -0.006 -19"><span class='ocrx_word' id='word_1_69' title='bbox 166 1081 345 1160; x_wconf 86' lang='lat' dir='ltr'><strong>improprius.</strong></span> 
     </span>
    </p>

    <p class='ocr_par' dir='ltr' id='par_1_8' title="bbox 164 1161 1105 1570">
     <span class='ocr_line' id='line_1_13' title="bbox 208 1161 1105 1240; baseline 0.003 -17"><span class='ocrx_word' id='word_1_70' title='bbox 208 1163 263 1224; x_wconf 89' lang='lat' dir='ltr'><strong>IV.</strong></span> <span class='ocrx_word' id='word_1_71' title='bbox 285 1163 391 1222; x_wconf 84' lang='lat' dir='ltr'><strong>Sensus</strong></span> <span class='ocrx_word' id='word_1_72' title='bbox 412 1161 528 1220; x_wconf 86' lang='lat' dir='ltr'><strong>literalis</strong></span> <span class='ocrx_word' id='word_1_73' title='bbox 550 1161 681 1240; x_wconf 85' lang='lat' dir='ltr'><strong>proprius</strong></span> <span class='ocrx_word' id='word_1_74' title='bbox 704 1173 749 1222; x_wconf 82' lang='lat' dir='ltr'><strong>ast</strong></span> <span class='ocrx_word' id='word_1_75' title='bbox 770 1162 832 1232; x_wconf 80' lang='lat' dir='ltr'><strong>ille.</strong></span> <span class='ocrx_word' id='word_1_76' title='bbox 858 1183 943 1240; x_wconf 84' lang='lat' dir='ltr'><strong>quem</strong></span> <span class='ocrx_word' id='word_1_77' title='bbox 964 1166 1057 1226; x_wconf 74' lang='lat' dir='ltr'><strong>verbu</strong></span> <span class='ocrx_word' id='word_1_78' title='bbox 1083 1167 1105 1226; x_wconf 84' lang='lat' dir='ltr'><strong>ir</strong></span> 
     </span>
     <span class='ocr_line' id='line_1_14' title="bbox 303 1243 1105 1388; baseline 0.001 -0.852"><span class='ocrx_word' id='word_1_79' title='bbox 303 1243 515 1385; x_wconf 65' lang='lat' dir='ltr'><strong>{serm</strong></span> <span class='ocrx_word' id='word_1_80' title='bbox 688 1243 901 1385; x_wconf 63' lang='lat' dir='ltr'><strong>{elenu</strong></span> <span class='ocrx_word' id='word_1_81' title='bbox 912 1244 1105 1388; x_wconf 67' lang='lat' dir='ltr'><strong>teet</strong></span> 
     </span>
     <span class='ocr_line' id='line_1_15' title="bbox 165 1406 1105 1486; baseline 0.001 -17"><span class='ocrx_word' id='word_1_82' title='bbox 165 1415 186 1445; x_wconf 79' lang='lat'><strong>‘⁴</strong></span> <span class='ocrx_word' id='word_1_83' title='bbox 200 1408 348 1470; x_wconf 81' lang='lat' dir='ltr'><strong>adorabis:</strong></span> <span class='ocrx_word' id='word_1_84' title='bbox 369 1427 426 1465; x_wconf 87' lang='lat' dir='ltr'><strong>non</strong></span> <span class='ocrx_word' id='word_1_85' title='bbox 440 1406 578 1476; x_wconf 57' lang='lat' dir='ltr'><strong>occides?</strong></span> <span class='ocrx_word' id='word_1_86' title='bbox 593 1407 646 1465; x_wconf 73' lang='lat' dir='ltr'><strong>&amp;e</strong></span> <span class='ocrx_word' id='word_1_87' title='bbox 666 1408 697 1466; x_wconf 94' lang='lat' dir='ltr'><strong>in</strong></span> <span class='ocrx_word' id='word_1_88' title='bbox 711 1407 813 1484; x_wconf 86' lang='lat' dir='ltr'><strong>quibua</strong></span> <span class='ocrx_word' id='word_1_89' title='bbox 827 1420 925 1486; x_wconf 84' lang='lat' dir='ltr'><strong>tropus</strong></span> <span class='ocrx_word' id='word_1_90' title='bbox 949 1409 997 1470; x_wconf 80' lang='lat' dir='ltr'><strong>vel</strong></span> <span class='ocrx_word' id='word_1_91' title='bbox 1021 1423 1105 1470; x_wconf 81' lang='lat' dir='ltr'><strong>metu·</strong></span> 
     </span>
     <span class='ocr_line' id='line_1_16' title="bbox 165 1489 555 1570; baseline -0.01 -20"><span class='ocrx_word' id='word_1_92' title='bbox 165 1489 255 1570; x_wconf 83' lang='lat' dir='ltr'><strong>phora</strong></span> <span class='ocrx_word' id='word_1_93' title='bbox 267 1509 323 1549; x_wconf 91' lang='lat' dir='ltr'><strong>non</strong></span> <span class='ocrx_word' id='word_1_94' title='bbox 338 1501 382 1548; x_wconf 85' lang='lat' dir='ltr'><strong>aet</strong></span> <span class='ocrx_word' id='word_1_95' title='bbox 396 1489 555 1564; x_wconf 76' lang='lat' dir='ltr'><strong>quterende.</strong></span> 
     </span>
    </p>
   </div>
   <div class='ocr_carea' id='block_1_3' title="bbox 81 1568 1105 1648">
    <p class='ocr_par' dir='ltr' id='par_1_9' title="bbox 81 1568 1105 1648">
     <span class='ocr_line' id='line_1_17' title="bbox 81 1568 1105 1648; baseline 0 -16"><span class='ocrx_word' id='word_1_96' title='bbox 81 1578 87 1593; x_wconf 65' lang='lat'>³</span> <span class='ocrx_word' id='word_1_97' title='bbox 207 1573 245 1631; x_wconf 88' lang='lat' dir='ltr'><strong>V.</strong></span> <span class='ocrx_word' id='word_1_98' title='bbox 267 1572 372 1632; x_wconf 81' lang='lat' dir='ltr'><strong>Sensus</strong></span> <span class='ocrx_word' id='word_1_99' title='bbox 384 1570 501 1628; x_wconf 82' lang='lat' dir='ltr'><strong>literulis</strong></span> <span class='ocrx_word' id='word_1_100' title='bbox 514 1568 683 1648; x_wconf 83' lang='lat' dir='ltr'><strong>impropriue</strong></span> <span class='ocrx_word' id='word_1_101' title='bbox 696 1589 748 1628; x_wconf 89' lang='lat' dir='ltr'><strong>seu</strong></span> <span class='ocrx_word' id='word_1_102' title='bbox 761 1568 969 1647; x_wconf 82' lang='lat' dir='ltr'><strong>metnphmieus</strong></span> <span class='ocrx_word' id='word_1_103' title='bbox 989 1585 1039 1633; x_wconf 81' lang='lat' dir='ltr'><strong>est</strong></span> <span class='ocrx_word' id='word_1_104' title='bbox 1053 1573 1105 1642; x_wconf 79' lang='lat' dir='ltr'><strong>ille</strong></span> 
     </span>
    </p>
   </div>
   <div class='ocr_carea' id='block_1_4' title="bbox 83 1651 1105 3936">
    <p class='ocr_par' dir='ltr' id='par_1_10' title="bbox 167 1651 1105 1732">
     <span class='ocr_line' id='line_1_18' title="bbox 167 1651 1105 1732; baseline 0.004 -21"><span class='ocrx_word' id='word_1_105' title='bbox 167 1651 218 1731; x_wconf 79' lang='lat' dir='ltr'><strong>qui</strong></span> <span class='ocrx_word' id='word_1_106' title='bbox 231 1673 282 1732; x_wconf 89' lang='lat' dir='ltr'><strong>per</strong></span> <span class='ocrx_word' id='word_1_107' title='bbox 294 1653 380 1711; x_wconf 86' lang='lat' dir='ltr'><strong>verbe</strong></span> <span class='ocrx_word' id='word_1_108' title='bbox 392 1651 545 1729; x_wconf 75' lang='lat' dir='ltr'><strong>improprie</strong></span> <span class='ocrx_word' id='word_1_109' title='bbox 559 1671 610 1708; x_wconf 87' lang='lat' dir='ltr'><strong>seu</strong></span> <span class='ocrx_word' id='word_1_110' title='bbox 629 1651 749 1727; x_wconf 71' lang='lat' dir='ltr'><strong>figurate</strong></span> <span class='ocrx_word' id='word_1_111' title='bbox 761 1664 878 1728; x_wconf 83' lang='lat' dir='ltr'><strong>sneepta</strong></span> <span class='ocrx_word' id='word_1_112' title='bbox 897 1658 915 1688; x_wconf 89' lang='lat'>“</span> <span class='ocrx_word' id='word_1_113' title='bbox 926 1652 1105 1714; x_wconf 74' lang='lat' dir='ltr'><strong>immediate&#39;</strong></span> 
     </span>
    </p>

    <p class='ocr_par' dir='ltr' id='par_1_11' title="bbox 83 1731 1105 2060">
     <span class='ocr_line' id='line_1_19' title="bbox 83 1731 1105 1813; baseline -0.004 -20"><span class='ocrx_word' id='word_1_114' title='bbox 83 1799 86 1803; x_wconf 59' lang='grc'><strong>,</strong></span> <span class='ocrx_word' id='word_1_115' title='bbox 165 1735 347 1813; x_wconf 79' lang='lat' dir='ltr'><strong>significetur,</strong></span> <span class='ocrx_word' id='word_1_116' title='bbox 356 1733 446 1810; x_wconf 79' lang='lat' dir='ltr'><strong>qualis</strong></span> <span class='ocrx_word' id='word_1_117' title='bbox 455 1746 498 1791; x_wconf 88' lang='lat' dir='ltr'><strong>est</strong></span> <span class='ocrx_word' id='word_1_118' title='bbox 509 1753 607 1790; x_wconf 84' lang='lat' dir='ltr'><strong>sensus</strong></span> <span class='ocrx_word' id='word_1_119' title='bbox 617 1732 648 1789; x_wconf 90' lang='lat' dir='ltr'><strong>in</strong></span> <span class='ocrx_word' id='word_1_120' title='bbox 657 1731 711 1790; x_wconf 82' lang='lat' dir='ltr'><strong>hen</strong></span> <span class='ocrx_word' id='word_1_121' title='bbox 721 1733 860 1791; x_wconf 85' lang='lat' dir='ltr'><strong>sententia</strong></span> <span class='ocrx_word' id='word_1_122' title='bbox 869 1732 974 1792; x_wconf 85' lang='lat' dir='ltr'><strong>Mutth.</strong></span> <span class='ocrx_word' id='word_1_123' title='bbox 983 1755 1051 1813; x_wconf 80' lang='lat' dir='ltr'><strong>cap.</strong></span> <span class='ocrx_word' id='word_1_124' title='bbox 1065 1739 1105 1796; x_wconf 70' lang='grc'><strong>18,</strong></span> 
     </span>
     <span class='ocr_line' id='line_1_20' title="bbox 166 1813 1105 1888; baseline 0.002 -13"><span class='ocrx_word' id='word_1_125' title='bbox 166 1817 205 1876; x_wconf 85' lang='lat' dir='ltr'><strong>V.</strong></span> <span class='ocrx_word' id='word_1_126' title='bbox 231 1818 260 1874; x_wconf 91' lang='grc'><strong>9.</strong></span> <span class='ocrx_word' id='word_1_127' title='bbox 289 1815 350 1875; x_wconf 87' lang='lat' dir='ltr'><strong>“Si</strong></span> <span class='ocrx_word' id='word_1_128' title='bbox 373 1814 473 1874; x_wconf 86' lang='lat' dir='ltr'><strong>oeulns</strong></span> <span class='ocrx_word' id='word_1_129' title='bbox 497 1825 565 1872; x_wconf 84' lang='lat' dir='ltr'><strong>tuns</strong></span> <span class='ocrx_word' id='word_1_130' title='bbox 587 1813 758 1872; x_wconf 64' lang='lat' dir='ltr'><strong>scandalizet</strong></span> <span class='ocrx_word' id='word_1_131' title='bbox 780 1826 818 1884; x_wconf 90' lang='lat' dir='ltr'><strong>te,</strong></span> <span class='ocrx_word' id='word_1_132' title='bbox 841 1833 909 1874; x_wconf 85' lang='lat' dir='ltr'><strong>ema</strong></span> <span class='ocrx_word' id='word_1_133' title='bbox 933 1817 1031 1888; x_wconf 86' lang='lat' dir='ltr'><strong>eum,&#39;&#39;</strong></span> <span class='ocrx_word' id='word_1_134' title='bbox 1059 1820 1105 1878; x_wconf 83' lang='lat' dir='ltr'><strong>&amp;e</strong></span> 
     </span>
     <span class='ocr_line' id='line_1_21' title="bbox 165 1895 1105 1974; baseline 0 -16"><span class='ocrx_word' id='word_1_135' title='bbox 165 1899 216 1958; x_wconf 90' lang='lat' dir='ltr'><strong>ubi</strong></span> <span class='ocrx_word' id='word_1_136' title='bbox 230 1897 330 1958; x_wconf 81' lang='lat' dir='ltr'><strong>oculus</strong></span> <span class='ocrx_word' id='word_1_137' title='bbox 343 1916 399 1954; x_wconf 88' lang='lat' dir='ltr'><strong>non</strong></span> <span class='ocrx_word' id='word_1_138' title='bbox 413 1895 552 1974; x_wconf 76' lang='lat' dir='ltr'><strong>sempitur</strong></span> <span class='ocrx_word' id='word_1_139' title='bbox 565 1895 678 1974; x_wconf 79' lang='lat' dir='ltr'><strong>preprid</strong></span> <span class='ocrx_word' id='word_1_140' title='bbox 690 1915 743 1974; x_wconf 88' lang='lat' dir='ltr'><strong>pre</strong></span> <span class='ocrx_word' id='word_1_141' title='bbox 767 1915 872 1972; x_wconf 73' lang='lat' dir='ltr'><strong>organo</strong></span> <span class='ocrx_word' id='word_1_142' title='bbox 895 1897 1036 1973; x_wconf 80' lang='lat' dir='ltr'><strong>eorporis,</strong></span> <span class='ocrx_word' id='word_1_143' title='bbox 1062 1901 1105 1958; x_wconf 87' lang='lat' dir='ltr'><strong>sed</strong></span> 
     </span>
     <span class='ocr_line' id='line_1_22' title="bbox 165 1975 1105 2060; baseline -0.009 -21"><span class='ocrx_word' id='word_1_144' title='bbox 165 1981 286 2060; x_wconf 75' lang='lat' dir='ltr'><strong>figurati</strong></span> <span class='ocrx_word' id='word_1_145' title='bbox 298 1999 351 2058; x_wconf 85' lang='lat' dir='ltr'><strong>pro</strong></span> <span class='ocrx_word' id='word_1_146' title='bbox 363 1997 394 2036; x_wconf 85' lang='lat' dir='ltr'><strong>se</strong></span> <span class='ocrx_word' id='word_1_147' title='bbox 408 1990 466 2036; x_wconf 89' lang='lat' dir='ltr'><strong>tam</strong></span> <span class='ocrx_word' id='word_1_148' title='bbox 480 1977 637 2036; x_wconf 77' lang='lat' dir='ltr'><strong>necessarie</strong></span> <span class='ocrx_word' id='word_1_149' title='bbox 650 1988 680 2036; x_wconf 88' lang='lat' dir='ltr'><strong>et</strong></span> <span class='ocrx_word' id='word_1_150' title='bbox 693 1988 780 2053; x_wconf 78' lang='lat' dir='ltr'><strong>grau,</strong></span> <span class='ocrx_word' id='word_1_151' title='bbox 795 1975 880 2056; x_wconf 82' lang='lat' dir='ltr'><strong>quim</strong></span> <span class='ocrx_word' id='word_1_152' title='bbox 893 1977 931 2036; x_wconf 86' lang='lat' dir='ltr'><strong>sit</strong></span> <span class='ocrx_word' id='word_1_153' title='bbox 944 1979 1062 2041; x_wconf 80' lang='lat' dir='ltr'><strong>oculus.</strong></span> <span class='ocrx_word' id='word_1_154' title='bbox 1104 2019 1105 2031; x_wconf 67' lang='grc'>,</span> 
     </span>
    </p>

    <p class='ocr_par' dir='ltr' id='par_1_12' title="bbox 167 2057 1104 2706">
     <span class='ocr_line' id='line_1_23' title="bbox 208 2057 1104 2137; baseline 0 -16"><span class='ocrx_word' id='word_1_155' title='bbox 208 2063 290 2124; x_wconf 84' lang='lat' dir='ltr'><strong>Idem</strong></span> <span class='ocrx_word' id='word_1_156' title='bbox 305 2073 356 2131; x_wconf 88' lang='lat' dir='ltr'><strong>est,</strong></span> <span class='ocrx_word' id='word_1_157' title='bbox 372 2060 441 2118; x_wconf 89' lang='lat' dir='ltr'><strong>dum</strong></span> <span class='ocrx_word' id='word_1_158' title='bbox 454 2059 521 2118; x_wconf 85' lang='lat' dir='ltr'><strong>Dee</strong></span> <span class='ocrx_word' id='word_1_159' title='bbox 535 2058 667 2116; x_wconf 80' lang='lat' dir='ltr'><strong>tribuitur</strong></span> <span class='ocrx_word' id='word_1_160' title='bbox 689 2057 832 2120; x_wconf 82' lang='lat' dir='ltr'><strong>bruchium</strong></span> <span class='ocrx_word' id='word_1_161' title='bbox 844 2080 853 2118; x_wconf 73' lang='lat' dir='ltr'><em>z</em></span> <span class='ocrx_word' id='word_1_162' title='bbox 874 2078 938 2118; x_wconf 89' lang='lat' dir='ltr'><strong>nam</strong></span> <span class='ocrx_word' id='word_1_163' title='bbox 957 2079 1013 2137; x_wconf 83' lang='lat' dir='ltr'><strong>per</strong></span> <span class='ocrx_word' id='word_1_164' title='bbox 1037 2062 1104 2126; x_wconf 79' lang='lat' dir='ltr'><strong>illut</strong></span> 
     </span>
     <span class='ocr_line' id='line_1_24' title="bbox 167 2140 1103 2221; baseline -0.002 -17"><span class='ocrx_word' id='word_1_165' title='bbox 167 2163 226 2204; x_wconf 89' lang='lat' dir='ltr'><strong>non</strong></span> <span class='ocrx_word' id='word_1_166' title='bbox 240 2143 406 2220; x_wconf 65' lang='lat' dir='ltr'><strong>intelligitur</strong></span> <span class='ocrx_word' id='word_1_167' title='bbox 419 2141 575 2198; x_wconf 86' lang='lat' dir='ltr'><strong>membrum</strong></span> <span class='ocrx_word' id='word_1_168' title='bbox 588 2140 704 2216; x_wconf 89' lang='lat' dir='ltr'><strong>uliquod</strong></span> <span class='ocrx_word' id='word_1_169' title='bbox 723 2141 877 2218; x_wconf 76' lang='lat' dir='ltr'><strong>corporale,</strong></span> <span class='ocrx_word' id='word_1_170' title='bbox 892 2142 943 2198; x_wconf 83' lang='lat' dir='ltr'><strong>sed</strong></span> <span class='ocrx_word' id='word_1_171' title='bbox 957 2143 1103 2221; x_wconf 76' lang='lat' dir='ltr'><strong>metaphm</strong></span> 
     </span>
     <span class='ocr_line' id='line_1_25' title="bbox 168 2219 1102 2300; baseline 0 -15"><span class='ocrx_word' id='word_1_172' title='bbox 168 2227 227 2285; x_wconf 67' lang='lat' dir='ltr'><strong>ried</strong></span> <span class='ocrx_word' id='word_1_173' title='bbox 240 2225 329 2283; x_wconf 84' lang='lat' dir='ltr'><strong>virtus</strong></span> <span class='ocrx_word' id='word_1_174' title='bbox 343 2235 372 2281; x_wconf 84' lang='lat' dir='ltr'><strong>et</strong></span> <span class='ocrx_word' id='word_1_175' title='bbox 385 2222 512 2300; x_wconf 82' lang='lat' dir='ltr'><strong>petentia</strong></span> <span class='ocrx_word' id='word_1_176' title='bbox 526 2221 639 2280; x_wconf 80' lang='lat' dir='ltr'><strong>divine:</strong></span> <span class='ocrx_word' id='word_1_177' title='bbox 653 2221 723 2280; x_wconf 89' lang='lat' dir='ltr'><strong>item</strong></span> <span class='ocrx_word' id='word_1_178' title='bbox 737 2221 849 2298; x_wconf 82' lang='lat' dir='ltr'><strong>qusndo</strong></span> <span class='ocrx_word' id='word_1_179' title='bbox 857 2219 987 2280; x_wconf 74' lang='lat' dir='ltr'><strong>Christus</strong></span> <span class='ocrx_word' id='word_1_180' title='bbox 1003 2225 1102 2288; x_wconf 78' lang='lat' dir='ltr'><strong>dicitu</strong></span> 
     </span>
     <span class='ocr_line' id='line_1_26' title="bbox 168 2301 1102 2386; baseline 0.001 -21"><span class='ocrx_word' id='word_1_181' title='bbox 168 2327 266 2386; x_wconf 79' lang='lat' dir='ltr'><strong>ugnus,</strong></span> <span class='ocrx_word' id='word_1_182' title='bbox 281 2303 355 2376; x_wconf 78' lang='lat' dir='ltr'><strong>vitis,</strong></span> <span class='ocrx_word' id='word_1_183' title='bbox 369 2305 421 2362; x_wconf 79' lang='lat' dir='ltr'><strong>&amp;n</strong></span> <span class='ocrx_word' id='word_1_184' title='bbox 441 2302 515 2360; x_wconf 85' lang='lat' dir='ltr'><strong>sumi</strong></span> <span class='ocrx_word' id='word_1_185' title='bbox 527 2301 590 2361; x_wconf 81' lang='lat' dir='ltr'><strong>haee</strong></span> <span class='ocrx_word' id='word_1_186' title='bbox 603 2303 708 2362; x_wconf 88' lang='lat' dir='ltr'><strong>debent</strong></span> <span class='ocrx_word' id='word_1_187' title='bbox 720 2301 919 2380; x_wconf 61' lang='lat' dir='ltr'><strong>metaphorice,</strong></span> <span class='ocrx_word' id='word_1_188' title='bbox 932 2316 964 2362; x_wconf 86' lang='lat' dir='ltr'><strong>et</strong></span> <span class='ocrx_word' id='word_1_189' title='bbox 987 2301 1102 2380; x_wconf 59' lang='lat' dir='ltr'><strong>general</strong></span> 
     </span>
     <span class='ocr_line' id='line_1_27' title="bbox 168 2382 1101 2461; baseline -0.002 -12"><span class='ocrx_word' id='word_1_190' title='bbox 168 2389 221 2449; x_wconf 89' lang='lat' dir='ltr'><strong>tim</strong></span> <span class='ocrx_word' id='word_1_191' title='bbox 235 2401 304 2448; x_wconf 87' lang='lat' dir='ltr'><strong>tune</strong></span> <span class='ocrx_word' id='word_1_192' title='bbox 318 2387 402 2445; x_wconf 86' lang='lat' dir='ltr'><strong>verba</strong></span> <span class='ocrx_word' id='word_1_193' title='bbox 422 2382 614 2461; x_wconf 76' lang='lat' dir='ltr'><strong>metaphorice</strong></span> <span class='ocrx_word' id='word_1_194' title='bbox 635 2397 701 2444; x_wconf 87' lang='lat' dir='ltr'><strong>sunt</strong></span> <span class='ocrx_word' id='word_1_195' title='bbox 724 2384 915 2460; x_wconf 76' lang='lat' dir='ltr'><strong>intelligendu,</strong></span> <span class='ocrx_word' id='word_1_196' title='bbox 939 2389 1061 2460; x_wconf 71' lang='lat' dir='ltr'><strong>quando</strong></span> <span class='ocrx_word' id='word_1_197' title='bbox 1074 2399 1101 2450; x_wconf 75' lang='lat' dir='ltr'><strong>ei</strong></span> 
     </span>
     <span class='ocr_line' id='line_1_28' title="bbox 169 2465 1100 2550; baseline -0.001 -20"><span class='ocrx_word' id='word_1_198' title='bbox 169 2468 352 2550; x_wconf 78' lang='lat' dir='ltr'><strong>illisproprid</strong></span> <span class='ocrx_word' id='word_1_199' title='bbox 365 2466 496 2544; x_wconf 69' lang='lat' dir='ltr'><strong>acceptis,</strong></span> <span class='ocrx_word' id='word_1_200' title='bbox 517 2485 615 2524; x_wconf 86' lang='lat' dir='ltr'><strong>sensus</strong></span> <span class='ocrx_word' id='word_1_201' title='bbox 639 2465 734 2537; x_wconf 78' lang='lat' dir='ltr'><strong>luleus,</strong></span> <span class='ocrx_word' id='word_1_202' title='bbox 756 2465 870 2544; x_wconf 85' lang='lat' dir='ltr'><strong>impius,</strong></span> <span class='ocrx_word' id='word_1_203' title='bbox 894 2478 944 2524; x_wconf 81' lang='lat' dir='ltr'><strong>unt</strong></span> <span class='ocrx_word' id='word_1_204' title='bbox 965 2468 1100 2532; x_wconf 74' lang='lat' dir='ltr'><strong>absurde</strong></span> 
     </span>
     <span class='ocr_line' id='line_1_29' title="bbox 169 2555 1099 2614; baseline -0.005 0"><span class='ocrx_word' id='word_1_205' title='bbox 169 2575 199 2614; x_wconf 86' lang='lat' dir='ltr'><strong>se</strong></span> <span class='ocrx_word' id='word_1_206' title='bbox 219 2565 342 2612; x_wconf 85' lang='lat' dir='ltr'><strong>ueratur.</strong></span> <span class='ocrx_word' id='word_1_207' title='bbox 1098 2555 1099 2609; x_wconf 83' lang='lat' dir='ltr'><strong>l</strong></span> 
     </span>
     <span class='ocr_line' id='line_1_30' title="bbox 187 2574 629 2706; baseline -0.014 -14"><span class='ocrx_word' id='word_1_208' title='bbox 187 2574 289 2701; x_wconf 39' lang='lat' dir='ltr'><strong>quedd</strong></span> <span class='ocrx_word' id='word_1_209' title='bbox 302 2629 457 2690; x_wconf 80' lang='lat' dir='ltr'><strong>eet&#39;sensus</strong></span> <span class='ocrx_word' id='word_1_210' title='bbox 471 2627 629 2706; x_wconf 77' lang='lat' dir='ltr'><strong>mysticus?</strong></span> 
     </span>
    </p>

    <p class='ocr_par' dir='ltr' id='par_1_13' title="bbox 168 2707 1071 3206">
     <span class='ocr_line' id='line_1_31' title="bbox 210 2707 1071 2790; baseline -0.003 -14"><span class='ocrx_word' id='word_1_211' title='bbox 210 2717 264 2776; x_wconf 82' lang='lat' dir='ltr'><strong>Vl.</strong></span> <span class='ocrx_word' id='word_1_212' title='bbox 278 2715 316 2773; x_wconf 90' lang='lat' dir='ltr'><strong>R.</strong></span> <span class='ocrx_word' id='word_1_213' title='bbox 330 2713 384 2770; x_wconf 83' lang='lat' dir='ltr'><strong>Est</strong></span> <span class='ocrx_word' id='word_1_214' title='bbox 397 2712 454 2780; x_wconf 88' lang='lat' dir='ltr'><strong>ille,</strong></span> <span class='ocrx_word' id='word_1_215' title='bbox 464 2729 547 2790; x_wconf 91' lang='lat' dir='ltr'><strong>quem</strong></span> <span class='ocrx_word' id='word_1_216' title='bbox 558 2711 643 2769; x_wconf 77' lang='lat' dir='ltr'><strong>verbe</strong></span> <span class='ocrx_word' id='word_1_217' title='bbox 654 2727 693 2768; x_wconf 84' lang='lat' dir='ltr'><strong>ex</strong></span> <span class='ocrx_word' id='word_1_218' title='bbox 704 2707 861 2768; x_wconf 83' lang='lat' dir='ltr'><strong>intentione</strong></span> <span class='ocrx_word' id='word_1_219' title='bbox 871 2707 995 2787; x_wconf 81' lang='lat' dir='ltr'><strong>Spirittie</strong></span> <span class='ocrx_word' id='word_1_220' title='bbox 1009 2711 1071 2772; x_wconf 76' lang='lat' dir='ltr'><strong>San</strong></span> 
     </span>
     <span class='ocr_line' id='line_1_32' title="bbox 170 2789 1063 2872; baseline -0.008 -12"><span class='ocrx_word' id='word_1_221' title='bbox 170 2796 294 2860; x_wconf 71' lang='lat' dir='ltr'><strong>mediate</strong></span> <span class='ocrx_word' id='word_1_222' title='bbox 309 2793 474 2872; x_wconf 82' lang='lat' dir='ltr'><strong>significant,</strong></span> <span class='ocrx_word' id='word_1_223' title='bbox 499 2791 686 2849; x_wconf 73' lang='lat' dir='ltr'><strong>mediantibus</strong></span> <span class='ocrx_word' id='word_1_224' title='bbox 706 2789 815 2849; x_wconf 81' lang='lat' dir='ltr'><strong>scilieet</strong></span> <span class='ocrx_word' id='word_1_225' title='bbox 837 2791 921 2849; x_wconf 85' lang='lat' dir='ltr'><strong>rebus</strong></span> <span class='ocrx_word' id='word_1_226' title='bbox 943 2810 997 2868; x_wconf 89' lang='lat' dir='ltr'><strong>per</strong></span> <span class='ocrx_word' id='word_1_227' title='bbox 1024 2815 1063 2854; x_wconf 83' lang='lat' dir='ltr'><strong>ve</strong></span> 
     </span>
     <span class='ocr_line' id='line_1_33' title="bbox 170 2872 1070 2960; baseline -0.008 -19"><span class='ocrx_word' id='word_1_228' title='bbox 170 2877 341 2960; x_wconf 73' lang='lat' dir='ltr'><strong>significatis,</strong></span> <span class='ocrx_word' id='word_1_229' title='bbox 350 2877 409 2933; x_wconf 81' lang='lat' dir='ltr'><strong>sive</strong></span> <span class='ocrx_word' id='word_1_230' title='bbox 420 2887 463 2932; x_wconf 80' lang='lat' dir='ltr'><strong>est</strong></span> <span class='ocrx_word' id='word_1_231' title='bbox 473 2872 530 2941; x_wconf 84' lang='lat' dir='ltr'><strong>ilie,</strong></span> <span class='ocrx_word' id='word_1_232' title='bbox 539 2873 587 2950; x_wconf 89' lang='lat' dir='ltr'><strong>qui</strong></span> <span class='ocrx_word' id='word_1_233' title='bbox 596 2873 711 2948; x_wconf 86' lang='lat' dir='ltr'><strong>insuper</strong></span> <span class='ocrx_word' id='word_1_234' title='bbox 718 2891 821 2949; x_wconf 78' lang='lat' dir='ltr'><strong>pertas</strong></span> <span class='ocrx_word' id='word_1_235' title='bbox 831 2872 923 2932; x_wconf 72' lang='lat' dir='ltr'><strong>verbis</strong></span> <span class='ocrx_word' id='word_1_236' title='bbox 932 2873 1070 2948; x_wconf 75' lang='lat' dir='ltr'><strong>significa</strong></span> 
     </span>
     <span class='ocr_line' id='line_1_34' title="bbox 168 2952 1069 3034; baseline -0.013 -10"><span class='ocrx_word' id='word_1_237' title='bbox 168 2966 338 3028; x_wconf 68' lang='lat' dir='ltr'><strong>denotatum</strong></span> <span class='ocrx_word' id='word_1_238' title='bbox 353 2958 393 3016; x_wconf 86' lang='lat' dir='ltr'><strong>sic</strong></span> <span class='ocrx_word' id='word_1_239' title='bbox 403 2955 466 3014; x_wconf 85' lang='lat' dir='ltr'><strong>hme</strong></span> <span class='ocrx_word' id='word_1_240' title='bbox 479 2957 635 3012; x_wconf 84' lang='lat' dir='ltr'><strong>sententia:</strong></span> <span class='ocrx_word' id='word_1_241' title='bbox 651 2959 669 2988; x_wconf 88' lang='lat'><strong>“</strong></span> <span class='ocrx_word' id='word_1_242' title='bbox 680 2952 742 3012; x_wconf 87' lang='lat' dir='ltr'><strong>Nee</strong></span> <span class='ocrx_word' id='word_1_243' title='bbox 755 2971 787 3010; x_wconf 84' lang='lat' dir='ltr'><strong>os</strong></span> <span class='ocrx_word' id='word_1_244' title='bbox 798 2953 877 3010; x_wconf 91' lang='lat' dir='ltr'><strong>illius</strong></span> <span class='ocrx_word' id='word_1_245' title='bbox 892 2954 1069 3034; x_wconf 77' lang='lat' dir='ltr'><strong>confringet·</strong></span> 
     </span>
     <span class='ocr_line' id='line_1_35' title="bbox 169 3035 1059 3120; baseline -0.008 -15"><span class='ocrx_word' id='word_1_246' title='bbox 169 3045 263 3106; x_wconf 85' lang='lat' dir='ltr'><strong>Exod.</strong></span> <span class='ocrx_word' id='word_1_247' title='bbox 278 3061 339 3120; x_wconf 82' lang='lat' dir='ltr'><strong>eup.</strong></span> <span class='ocrx_word' id='word_1_248' title='bbox 364 3035 569 3098; x_wconf 63' lang='lat' dir='ltr'><strong>lateraliter</strong></span> <span class='ocrx_word' id='word_1_249' title='bbox 592 3036 668 3093; x_wconf 81' lang='lat' dir='ltr'><strong>dieta</strong></span> <span class='ocrx_word' id='word_1_250' title='bbox 688 3045 734 3092; x_wconf 87' lang='lat' dir='ltr'><strong>est</strong></span> <span class='ocrx_word' id='word_1_251' title='bbox 753 3035 789 3094; x_wconf 91' lang='lat' dir='ltr'><strong>de</strong></span> <span class='ocrx_word' id='word_1_252' title='bbox 805 3036 890 3112; x_wconf 85' lang='lat' dir='ltr'><strong>Agno</strong></span> <span class='ocrx_word' id='word_1_253' title='bbox 911 3035 1059 3110; x_wconf 74' lang='lat' dir='ltr'><strong>paschali,</strong></span> 
     </span>
     <span class='ocr_line' id='line_1_36' title="bbox 168 3115 1027 3206; baseline -0.012 -19"><span class='ocrx_word' id='word_1_254' title='bbox 168 3125 289 3206; x_wconf 72' lang='lat' dir='ltr'><strong>mystice</strong></span> <span class='ocrx_word' id='word_1_255' title='bbox 303 3124 339 3180; x_wconf 88' lang='lat' dir='ltr'><strong>de</strong></span> <span class='ocrx_word' id='word_1_256' title='bbox 354 3119 475 3186; x_wconf 85' lang='lat' dir='ltr'><strong>Christo,</strong></span> <span class='ocrx_word' id='word_1_257' title='bbox 490 3130 522 3175; x_wconf 89' lang='lat' dir='ltr'><strong>ut</strong></span> <span class='ocrx_word' id='word_1_258' title='bbox 535 3129 613 3194; x_wconf 88' lang='lat' dir='ltr'><strong>patet</strong></span> <span class='ocrx_word' id='word_1_259' title='bbox 627 3135 662 3176; x_wconf 86' lang='lat' dir='ltr'><strong>ex</strong></span> <span class='ocrx_word' id='word_1_260' title='bbox 676 3115 759 3175; x_wconf 84' lang='lat' dir='ltr'><strong>Jnan.</strong></span> <span class='ocrx_word' id='word_1_261' title='bbox 773 3135 835 3194; x_wconf 83' lang='lat' dir='ltr'><strong>cup.</strong></span> <span class='ocrx_word' id='word_1_262' title='bbox 860 3118 905 3174; x_wconf 87' lang='lat'><strong>19.</strong></span> <span class='ocrx_word' id='word_1_263' title='bbox 919 3116 955 3174; x_wconf 91' lang='lat' dir='ltr'><strong>V.</strong></span> <span class='ocrx_word' id='word_1_264' title='bbox 970 3119 1027 3178; x_wconf 81' lang='lat'><strong>36.</strong></span> 
     </span>
    </p>

    <p class='ocr_par' dir='ltr' id='par_1_14' title="bbox 146 3197 1081 3676">
     <span class='ocr_line' id='line_1_37' title="bbox 146 3197 1044 3278; baseline -0.013 -10"><span class='ocrx_word' id='word_1_265' title='bbox 146 3222 149 3231; x_wconf 79' lang='lat'><em>&#39;</em></span> <span class='ocrx_word' id='word_1_266' title='bbox 210 3199 642 3278; x_wconf 77' lang='lat' dir='ltr'><strong>V11.P0rr0sensusmynicus</strong></span> <span class='ocrx_word' id='word_1_267' title='bbox 657 3209 701 3256; x_wconf 88' lang='lat' dir='ltr'><strong>est</strong></span> <span class='ocrx_word' id='word_1_268' title='bbox 724 3197 836 3275; x_wconf 84' lang='lat' dir='ltr'><strong>triplex,</strong></span> <span class='ocrx_word' id='word_1_269' title='bbox 861 3197 970 3256; x_wconf 82' lang='lat' dir='ltr'><strong>seilicet</strong></span> <span class='ocrx_word' id='word_1_270' title='bbox 995 3219 1018 3278; x_wconf 89' lang='lat' dir='ltr'>p</span> <span class='ocrx_word' id='word_1_271' title='bbox 1036 3202 1044 3216; x_wconf 78' lang='lat'>⁸</span> 
     </span>
     <span class='ocr_line' id='line_1_38' title="bbox 169 3277 1076 3364; baseline -0.011 -14"><span class='ocrx_word' id='word_1_272' title='bbox 169 3301 214 3350; x_wconf 84' lang='lat' dir='ltr'><strong>eet</strong></span> <span class='ocrx_word' id='word_1_273' title='bbox 227 3285 401 3364; x_wconf 76' lang='lat' dir='ltr'><strong>allegoricus,</strong></span> <span class='ocrx_word' id='word_1_274' title='bbox 416 3283 483 3352; x_wconf 84' lang='lat' dir='ltr'><strong>dum</strong></span> <span class='ocrx_word' id='word_1_275' title='bbox 496 3301 541 3338; x_wconf 85' lang='lat' dir='ltr'><strong>res</strong></span> <span class='ocrx_word' id='word_1_276' title='bbox 554 3301 605 3357; x_wconf 85' lang='lat' dir='ltr'><strong>per</strong></span> <span class='ocrx_word' id='word_1_277' title='bbox 615 3280 699 3338; x_wconf 83' lang='lat' dir='ltr'><strong>verbu</strong></span> <span class='ocrx_word' id='word_1_278' title='bbox 709 3277 871 3356; x_wconf 80' lang='lat' dir='ltr'><strong>significuus</strong></span> <span class='ocrx_word' id='word_1_279' title='bbox 881 3279 987 3356; x_wconf 89' lang='lat' dir='ltr'><strong>aliquid</strong></span> <span class='ocrx_word' id='word_1_280' title='bbox 996 3283 1025 3340; x_wconf 87' lang='lat' dir='ltr'><strong>si</strong></span> <span class='ocrx_word' id='word_1_281' title='bbox 1069 3285 1076 3300; x_wconf 92' lang='lat'>&#39;</span> 
     </span>
     <span class='ocr_line' id='line_1_39' title="bbox 170 3359 1049 3440; baseline -0.009 -8"><span class='ocrx_word' id='word_1_282' title='bbox 170 3382 235 3432; x_wconf 83' lang='lat' dir='ltr'><strong>eant</strong></span> <span class='ocrx_word' id='word_1_283' title='bbox 243 3369 279 3428; x_wconf 90' lang='lat' dir='ltr'><strong>ad</strong></span> <span class='ocrx_word' id='word_1_284' title='bbox 286 3365 441 3426; x_wconf 82' lang='lat' dir='ltr'><strong>Ecclesium</strong></span> <span class='ocrx_word' id='word_1_285' title='bbox 448 3362 614 3422; x_wconf 79' lang='lat' dir='ltr'><strong>militantem</strong></span> <span class='ocrx_word' id='word_1_286' title='bbox 623 3373 653 3420; x_wconf 90' lang='lat' dir='ltr'><strong>et</strong></span> <span class='ocrx_word' id='word_1_287' title='bbox 661 3359 727 3418; x_wconf 87' lang='lat' dir='ltr'><strong>fidei</strong></span> <span class='ocrx_word' id='word_1_288' title='bbox 732 3360 1049 3440; x_wconf 81' lang='lat' dir='ltr'><strong>instmetionempertin</strong></span> 
     </span>
     <span class='ocr_line' id='line_1_40' title="bbox 169 3441 1081 3526; baseline -0.007 -14"><span class='ocrx_word' id='word_1_289' title='bbox 169 3449 341 3526; x_wconf 86' lang='lat' dir='ltr'><strong>Exemplum</strong></span> <span class='ocrx_word' id='word_1_290' title='bbox 354 3445 474 3504; x_wconf 85' lang='lat' dir='ltr'><strong>habetur</strong></span> <span class='ocrx_word' id='word_1_291' title='bbox 486 3444 522 3502; x_wconf 86' lang='lat' dir='ltr'><strong>ad</strong></span> <span class='ocrx_word' id='word_1_292' title='bbox 537 3443 602 3503; x_wconf 83' lang='lat' dir='ltr'><strong>Gul.</strong></span> <span class='ocrx_word' id='word_1_293' title='bbox 616 3463 678 3520; x_wconf 83' lang='lat' dir='ltr'><strong>cup.</strong></span> <span class='ocrx_word' id='word_1_294' title='bbox 691 3444 721 3500; x_wconf 79' lang='lat'><strong>4.</strong></span> <span class='ocrx_word' id='word_1_295' title='bbox 731 3442 759 3500; x_wconf 91' lang='lat' dir='ltr'><strong>in</strong></span> <span class='ocrx_word' id='word_1_296' title='bbox 774 3442 884 3502; x_wconf 81' lang='lat' dir='ltr'><strong>duobus</strong></span> <span class='ocrx_word' id='word_1_297' title='bbox 896 3441 1026 3504; x_wconf 70' lang='lat' dir='ltr'><strong>Abrahae</strong></span> <span class='ocrx_word' id='word_1_298' title='bbox 1041 3445 1081 3506; x_wconf 85' lang='lat' dir='ltr'><strong>fil&#39;</strong></span> 
     </span>
     <span class='ocr_line' id='line_1_41' title="bbox 167 3523 997 3604; baseline -0.013 -9"><span class='ocrx_word' id='word_1_299' title='bbox 167 3525 289 3596; x_wconf 71' lang='lat' dir='ltr'><strong>ismaelo</strong></span> <span class='ocrx_word' id='word_1_300' title='bbox 303 3549 338 3587; x_wconf 86' lang='lat' dir='ltr'><strong>ex</strong></span> <span class='ocrx_word' id='word_1_301' title='bbox 352 3526 461 3596; x_wconf 86' lang='lat' dir='ltr'><strong>enciils,</strong></span> <span class='ocrx_word' id='word_1_302' title='bbox 476 3537 505 3585; x_wconf 90' lang='lat' dir='ltr'><strong>et</strong></span> <span class='ocrx_word' id='word_1_303' title='bbox 520 3525 598 3588; x_wconf 71' lang='lat' dir='ltr'><strong>lame</strong></span> <span class='ocrx_word' id='word_1_304' title='bbox 613 3524 750 3585; x_wconf 84' lang='lat' dir='ltr'><strong>delibera</strong></span> <span class='ocrx_word' id='word_1_305' title='bbox 772 3523 854 3596; x_wconf 83' lang='lat' dir='ltr'><strong>nutis,</strong></span> <span class='ocrx_word' id='word_1_306' title='bbox 869 3523 918 3602; x_wconf 90' lang='lat' dir='ltr'><strong>qni</strong></span> <span class='ocrx_word' id='word_1_307' title='bbox 938 3544 997 3604; x_wconf 82' lang='lat' dir='ltr'><strong>prae</strong></span> 
     </span>
     <span class='ocr_line' id='line_1_42' title="bbox 167 3606 725 3676; baseline -0.014 -4"><span class='ocrx_word' id='word_1_308' title='bbox 167 3627 234 3676; x_wconf 79' lang='lat' dir='ltr'><strong>runt</strong></span> <span class='ocrx_word' id='word_1_309' title='bbox 247 3623 327 3669; x_wconf 84' lang='lat' dir='ltr'><strong>vetus</strong></span> <span class='ocrx_word' id='word_1_310' title='bbox 341 3621 370 3666; x_wconf 93' lang='lat' dir='ltr'><strong>et</strong></span> <span class='ocrx_word' id='word_1_311' title='bbox 384 3627 487 3665; x_wconf 88' lang='lat' dir='ltr'><strong>novum</strong></span> <span class='ocrx_word' id='word_1_312' title='bbox 502 3606 725 3665; x_wconf 71' lang='lat' dir='ltr'><strong>Testamentum.</strong></span> 
     </span>
    </p>

    <p class='ocr_par' dir='ltr' id='par_1_15' title="bbox 165 3685 1065 3936">
     <span class='ocr_line' id='line_1_43' title="bbox 209 3685 993 3766; baseline -0.009 -13"><span class='ocrx_word' id='word_1_313' title='bbox 209 3693 292 3753; x_wconf 82' lang='lat' dir='ltr'><strong>Vlll·</strong></span> <span class='ocrx_word' id='word_1_314' title='bbox 316 3688 461 3750; x_wconf 78' lang='lat' dir='ltr'><strong>Secundus</strong></span> <span class='ocrx_word' id='word_1_315' title='bbox 476 3687 658 3766; x_wconf 72' lang='lat' dir='ltr'><strong>Anugngiens</strong></span> <span class='ocrx_word' id='word_1_316' title='bbox 671 3685 786 3754; x_wconf 70' lang='lat' dir='ltr'><strong>sutilis,</strong></span> <span class='ocrx_word' id='word_1_317' title='bbox 801 3686 869 3746; x_wconf 91' lang='lat' dir='ltr'><strong>dum</strong></span> <span class='ocrx_word' id='word_1_318' title='bbox 882 3705 928 3746; x_wconf 78' lang='lat' dir='ltr'><strong>m</strong></span> <span class='ocrx_word' id='word_1_319' title='bbox 940 3705 993 3764; x_wconf 81' lang='lat' dir='ltr'><strong>per</strong></span> 
     </span>
     <span class='ocr_line' id='line_1_44' title="bbox 165 3767 1043 3854; baseline -0.007 -17"><span class='ocrx_word' id='word_1_320' title='bbox 165 3775 330 3854; x_wconf 70' lang='lat' dir='ltr'><strong>significatu</strong></span> <span class='ocrx_word' id='word_1_321' title='bbox 344 3771 495 3848; x_wconf 88' lang='lat' dir='ltr'><strong>important</strong></span> <span class='ocrx_word' id='word_1_322' title='bbox 508 3768 615 3846; x_wconf 86' lang='lat' dir='ltr'><strong>eiiqnid</strong></span> <span class='ocrx_word' id='word_1_323' title='bbox 627 3767 771 3846; x_wconf 81' lang='lat' dir='ltr'><strong>pertinens</strong></span> <span class='ocrx_word' id='word_1_324' title='bbox 784 3768 821 3828; x_wconf 86' lang='lat' dir='ltr'><strong>ud</strong></span> <span class='ocrx_word' id='word_1_325' title='bbox 832 3767 990 3830; x_wconf 76' lang='lat' dir='ltr'><strong>Ecclesium</strong></span> <span class='ocrx_word' id='word_1_326' title='bbox 1000 3771 1043 3830; x_wconf 86' lang='lat' dir='ltr'><strong>tri</strong></span> 
     </span>
     <span class='ocr_line' id='line_1_45' title="bbox 172 3849 1065 3936; baseline -0.007 -16"><span class='ocrx_word' id='word_1_327' title='bbox 172 3858 308 3936; x_wconf 66' lang='lat' dir='ltr'><strong>rientem,</strong></span> <span class='ocrx_word' id='word_1_328' title='bbox 322 3865 353 3913; x_wconf 88' lang='lat' dir='ltr'><strong>et</strong></span> <span class='ocrx_word' id='word_1_329' title='bbox 365 3851 485 3912; x_wconf 80' lang='lat' dir='ltr'><strong>refertur</strong></span> <span class='ocrx_word' id='word_1_330' title='bbox 497 3852 533 3912; x_wconf 88' lang='lat' dir='ltr'><strong>ad</strong></span> <span class='ocrx_word' id='word_1_331' title='bbox 546 3869 645 3930; x_wconf 84' lang='lat' dir='ltr'><strong>spem:</strong></span> <span class='ocrx_word' id='word_1_332' title='bbox 659 3849 702 3912; x_wconf 88' lang='lat' dir='ltr'><strong>sie</strong></span> <span class='ocrx_word' id='word_1_333' title='bbox 715 3849 856 3928; x_wconf 70' lang='lat' dir='ltr'><strong>ingressus</strong></span> <span class='ocrx_word' id='word_1_334' title='bbox 865 3849 1065 3914; x_wconf 72' lang='lat' dir='ltr'><strong>israelitum</strong></span> 
     </span>
    </p>
   </div>
   <div class='ocr_carea' id='block_1_5' title="bbox 0 0 1112 4056">
    <p class='ocr_par' dir='ltr' id='par_1_16' title="bbox 0 0 1112 4056">
     <span class='ocr_line' id='line_1_46' title="bbox 0 0 1112 4056; baseline 0 0"><span class='ocrx_word' id='word_1_335' title='bbox 0 0 1112 4056; x_wconf 95' lang='lat' dir='ltr'><strong> </strong></span> 
     </span>
    </p>
   </div>
  </div>
 </body>
</html>
