2216 4056
132 171 183 233 92
512 192 703 238 rnncrnrns
784 240 790 250 ,
991 249 1001 286 ἱ

160 346 163 354 “
182 336 310 398 Observa
322 337 415 404 etiarn
430 339 506 416 qubd
527 339 765 420 blasphematores
779 349 809 398 et
826 337 976 418 juratores,
1000 354 1078 418 prie-

139 419 238 481 renim
252 421 496 490 consuetudinarii,
511 421 654 492 Parentes,
678 422 850 500 Superiores,
874 422 926 481 &a
946 441 1079 482 commu·

141 502 215 560 niter
229 501 343 578 insuper
355 501 396 560 rei
410 503 466 562 sint
479 503 570 580 gravis
583 504 716 562 scandali.

184 585 329 650 Quantum
343 597 490 660 peccatum
504 597 548 642 est
561 583 755 664 blasphemia?

182 665 239 724 111.
261 664 299 723 R.
313 665 366 722 Est
387 678 534 742 peccatum
549 687 584 725 ex
608 687 710 744 genere
734 686 786 724 sno
810 666 937 737 mortale,
961 665 1079 742 gnavius

141 745 225 823 quim
240 759 306 804 sunt
319 759 435 823 peccata
448 761 544 806 contre
563 747 631 808 alins
653 749 772 808 -virtntes
797 749 923 816 ruomles,
945 749 1079 825 adeoque

142 828 254 906 gravius
268 827 430 898 homicidio,
443 827 574 906 perjurio,
590 831 643 890 hro.

186 909 216 968 Si
230 922 325 986 autem
340 909 511 988 blasphemia
533 913 667 990 procedet
681 929 716 970 ex
737 911 805 969 odio
818 909 862 970 vel
888 909 1080 969 detestatione

143 989 211 1058 Dei,
227 991 281 1048 erit
300 1005 447 1067 peccatum
471 995 586 1050 omnino
610 993 822 1070 gravissimnmz
843 993 867 1050 si
880 987 1018 1071 procedat
1043 1012 1080 1054 ex

143 1071 317 1141 infidelitate,
332 1073 385 1130 erit
398 1074 698 1152 simplicilinhdelitate
712 1075 845 1133 deterius.

184 1153 237 1212 IV.
252 1153 454 1214 Enormitatem
466 1157 574 1232 peccati
588 1156 768 1234 blasphemiae
778 1157 912 1216 docemur
925 1154 1081 1234 multiplici

144 1233 297 1314 Scriptum
310 1234 403 1295 Sacrae
412 1237 589 1296 testimonio:
604 1237 645 1296 sio
655 1238 748 1296 Lerit.
758 1257 819 1316 cap.
830 1239 881 1297 24.
891 1237 927 1296 V.
941 1243 987 1296 14.
992 1236 1081 1314 jussu

143 1317 202 1378 Dei
211 1317 350 1394 lapidatus
359 1331 402 1376 est
410 1315 597 1397 blasphemus,
607 1332 636 1378 et
644 1320 680 1380 V.
693 1322 738 1378 16.
748 1320 832 1384 “Qui
841 1317 1082 1397 blasphemaverit

144 1405 163 1434 “
177 1417 279 1457 nomen
294 1399 420 1470 Domini,
435 1412 525 1460 morte
540 1401 673 1460 moriatur
682 1399 706 1470 ;''
725 1405 749 1459 1.
763 1403 800 1459 ad
812 1399 938 1460 Timotb.
962 1419 1028 1480 cap.
1056 1400 1081 1469 l,

145 1480 302 1558 Apostolus
317 1480 498 1540 Himenaeum
513 1493 542 1540 et
558 1483 753 1542 Alexandrum
767 1481 882 1542 tradidit
897 1482 1022 1551 Sanum,
1050 1495 1082 1540 ut

144 1563 254 1620 discant
266 1581 322 1619 uon
337 1562 548 1639 blasphemare:
570 1565 700 1641 variaque
714 1565 768 1623 alia
781 1564 911 1642 exempla
933 1565 1082 1641 leguntur,

143 1663 209 1719 quar
221 1642 329 1703 utiliter
341 1655 534 1723 proponuntur
553 1646 590 1703 ad
602 1647 798 1724 extirpandum
820 1645 875 1705 hoc
888 1646 1082 1704 execrandum

141 1726 254 1784 vitium.

186 1803 234 1866 Ob
247 1802 330 1881 hujus
351 1808 461 1885 peccati
480 1807 645 1888 gravitatem
670 1809 711 1879 lit,
734 1809 809 1884 quod
825 1807 970 1887 Scriptura
992 1807 1084 1869 Sacra

143 1894 165 1930 ⁶
177 1885 385 1967 blasphemare”
409 1891 577 1967 quandoque
600 1911 651 1968 per
674 1890 855 1968 antiphrasim
877 1891 1028 1970 exprimat,
1052 1905 1085 1950 ut

146 1971 175 2030 3.
190 1971 262 2048 teg.
276 1987 340 2049 cup.
355 1973 404 2030 21.
417 1972 452 2030 V.
471 1973 517 2030 13.
541 1977 560 2008 “
570 1971 720 2030 Benedirit
736 1971 849 2031 Naboth
863 1973 959 2031 Deum
973 1986 1005 2032 et
1021 1974 1083 2032 Re·
1098 1977 1099 2003 ³

145 2059 164 2088 ‘⁸
178 2051 268 2130 313111,η
282 2051 312 2109 id
326 2067 369 2112 est
384 2053 604 2130 blasphemarit3
623 2056 691 2112 item
706 2055 771 2114 Job.
785 2073 847 2132 cap.
862 2057 890 2113 2.
904 2055 941 2112 V.
955 2057 984 2112 9.
1008 2057 1085 2114 dicit

144 2136 174 2192 ei
195 2153 282 2193 uxor:
312 2136 469 2194 “Benedic
496 2135 571 2205 Deo,
599 2147 628 2193 et
656 2135 792 2205 morere,”
819 2135 848 2194 id
876 2149 928 2208 est,
943 2135 1025 2214 jacta
1055 2138 1098 2213 in¹

146 2217 242 2275 Deum
256 2213 467 2294 blasphemiam,
481 2229 513 2274 nt
527 2237 561 2274 ea
573 2217 697 2275 irritatus
710 2227 740 2275 te
752 2217 901 2294 percutiat.

187 2297 283 2375 Hujus
297 2299 393 2357 delicti
407 2299 571 2376 gravitatem
580 2299 664 2356 etiam
676 2300 811 2358 denotant
820 2300 918 2376 rigidae
928 2317 1023 2376 prenae
1032 2319 1097 2384 per·¹

145 2391 292 2457 utramque
300 2391 467 2459 potestatem
476 2379 700 2438 Ecclesiasticam
707 2392 736 2438 et
744 2379 1086 2457 civileminblasphemos

145 2463 277 2521 decretu.
318 2462 391 2520 Vide
407 2461 493 2520 Num.
510 2464 577 2521 175.
601 2468 619 2496 ‘⁸
630 2463 666 2520 de
680 2462 783 2519 virtute
798 2461 983 2540 Religionis.''

188 2545 237 2602 An
249 2557 396 2622 peccatum
410 2542 591 2621 blasphemiae
601 2555 695 2622 potest
705 2563 767 2601 erse
777 2545 884 2603 veniale
896 2564 931 2602 ex
941 2539 1096 2631 parvitatep

146 2626 296 2688 maurim?

189 2707 224 2765 V.
240 2707 277 2766 R.
292 2705 446 2782 Negotium
466 2705 533 2782 quia
545 2705 651 2782 quevis
664 2706 694 2764 iu
708 2705 804 2764 Deum
823 2705 995 2766 contumelia
1018 2705 1086 2764 inii·

147 2792 215 2853 uitae
228 2787 289 2868 ejus
303 2787 441 2864 majestati
455 2789 575 2865 graviter
588 2800 740 2865 repugnat:
761 2789 837 2847 unde
850 2789 959 2848 mutim
976 2807 1015 2846 ex
1030 2789 1095 2846 imo

147 2873 273 2952 perlecta
284 2869 485 2928 deliberatione
496 2881 590 2948 potest
603 2887 664 2927 esse
678 2869 796 2928 veniale.

190 2956 239 3014 An
252 2949 426 3030 blasphemia
435 2951 502 3028 joco
516 2951 624 3028 prolata
637 2962 681 3008 est
694 2963 842 3028 peccatum
856 2951 998 3011 mortulo?

188 3036 242 3094 Vl.
257 3035 294 3094 lt.
308 3032 503 3101 Affirmativb3
517 3032 601 3090 nimis
615 3033 689 3090 enim
705 3051 821 3110 magnus
835 3043 878 3091 est
892 3033 982 3097 Deus,
997 3033 1088 3091 nirnis

148 3116 277 3178 honorati
301 3127 367 3174 sant
382 3114 478 3174 Sancti
501 3115 585 3173 amici
608 3113 678 3190 ejus,
702 3113 785 3190 quim
811 3127 843 3173 nt
852 3113 919 3191 joco
943 3125 993 3173 aut
1012 3115 1087 3174 risui

148 3211 245 3258 nostro
259 3209 442 3275 exponantur.
483 3195 573 3254 Aliud
594 3207 688 3254 tumen
713 3197 786 3254 foret
809 3196 969 3264 dicendum,
990 3196 1091 3273 inquit

150 3281 275 3359 Sylvius,
289 3280 313 3337 si
322 3277 406 3356 jocus
420 3278 532 3336 tolleret
541 3277 677 3335 rationem
689 3276 881 3354 blasphemioe,
894 3290 927 3335 ut
940 3277 1034 3336 sinon
1051 3269 1092 3338 ex]

148 3361 244 3420 auimo
267 3360 450 3436 significandi,
474 3360 525 3417 sed
545 3379 600 3436 per
626 3357 798 3436 hyperbolen
824 3357 925 3434 aliquis
949 3359 1090 3418 seminam

150 3454 234 3502 vocet
247 3442 339 3500 deoru
372 3439 507 3500 Similiter
517 3440 564 3516 qui
575 3459 611 3498 ex
617 3439 685 3517 joco
696 3441 740 3499 vel
749 3439 863 3499 levitate
873 3441 1039 3517 loqueretur
1050 3444 1090 3500 sle

150 3523 273 3592 swan,
290 3539 349 3580 non
373 3523 509 3598 quetenrls
525 3521 621 3581 Sancti
641 3533 716 3590 sunt,
740 3523 791 3581 sed
814 3524 951 3599 quateuiu
966 3523 1019 3580 fue

149 3603 279 3676 homines
292 3603 322 3662 iu
335 3614 417 3673 terra,
428 3602 445 3661 a
458 3603 535 3680 gravi
545 3604 672 3662 exorrsari
685 3615 789 3680 possm,
800 3603 839 3662 ait
848 3604 938 3663 etiam
950 3521 1091 3682 sylem

148 3697 186 3743 ut
198 3685 222 3743 si
233 3683 298 3760 quis
312 3701 348 3742 ex
355 3681 424 3760 joco
433 3685 550 3754 diceret,
561 3685 592 3744 S.
603 3685 765 3762 Crispinum
775 3687 861 3744 fuisso
871 3696 1008 3755 sutorem,
1020 3687 1090 3764 quis

149 3785 210 3825 non
223 3761 408 3826 oommittitur
417 3765 590 3844 blasphemie
601 3767 713 3844 proprih
727 3768 818 3836 dicta3
830 3777 961 3845 peccaret
969 3779 1070 3827 tumen

152 3847 220 3925 quia
230 3845 326 3906 Sancti
335 3858 450 3923 propter
460 3846 637 3924 conjunctam
652 3847 835 3909 sanctitatem
846 3850 986 3928 ruutplus
995 3848 1036 3910 ho

153 3927 243 4000 randi,
257 3927 343 3988 etiam
355 3927 386 3987 iu
398 3927 457 3988 suis
470 3929 651 3989 netmalibus.
