2188 4052
388 532 605 598 aerenum

473 718 519 760 sn

297 859 685 944 TRACTATUM

344 1087 349 1100 ,
398 1055 458 1114 oe
479 1055 587 1114 orus.

167 1330 187 1350 ·
273 1384 312 1443 N.
326 1385 375 1443 70.
416 1385 474 1445 DE
496 1385 742 1446 ECCLESIA.-

26 1546 48 1602 1.
71 1543 210 1606 Ecclesia
227 1549 388 1623 yenerotim
411 1555 535 1626 coempto.
576 1548 616 1606 Il.
638 1521 803 1606 Dividitur.
843 1545 901 1604 111.
922 1545 963 1604 Ia

13 1691 15 1696 ,
60 1627 300 1708 triumphantem,
320 1631 478 1706 potientem
492 1629 710 1688 etmilitontem.
749 1629 802 1687 IV.
822 1627 961 1688 Militant

60 1709 107 1766 cel
118 1720 162 1768 est
172 1711 274 1772 veteris
292 1709 466 1770 Testamenti
478 1711 526 1768 cel
537 1713 610 1770 novi.

26 1868 146 1968 QUID
162 1911 207 1958 est
221 1899 375 1964 Ecclesia?

59 1983 84 2040 1.
109 1981 150 2040 R.
174 1981 304 2045 Ecclesia
323 1981 477 2060 generatim
500 1994 616 2060 accepta
629 2002 680 2060 pro
705 1981 782 2043 omni
795 1991 880 2052 statu,
894 1981 958 2045 loco

24 2076 50 2122 et
62 2077 203 2140 tempore,
217 2059 328 2124 deliniri
341 2075 453 2146 potest:
477 2069 494 2098 “
507 2064 696 2142 Congregatio
709 2063 835 2130 fidelium
850 2063 879 2119 in
892 2083 959 2124 vero

26 2143 104 2204 “Dei
119 2145 203 2202 cultu
215 2146 402 2206 adunatorum
417 2145 469 2205 sub
485 2145 598 2218 Christo
613 2145 704 2224 capite
715 2145 740 2215 ;”
754 2165 817 2240 quae
832 2144 958 2214 definitio

25 2223 236 2304 comprehendit
249 2227 334 2289 etiam
347 2227 446 2286 fideles
459 2246 514 2284 non
529 2228 637 2286 tautirm
647 2227 710 2296 eos,
741 2247 770 2284 ur
781 2225 958 2314 pertinebant

26 2309 55 2364 ad
66 2308 258 2385 Synagogam‚
273 2309 324 2366 sed
338 2307 423 2366 etiam
437 2307 507 2372 alios
522 2307 620 2371 fideles
634 2321 713 2368 extre
722 2247 911 2388 iynagogam,
926 2320 958 2366 ut

26 2390 83 2458 lob,
98 2387 329 2458 Melchisedech,
343 2387 411 2450 item
427 2389 540 2462 Beatos,
555 2391 638 2452 etiam
655 2389 792 2474 Angelos,
807 2401 837 2447 et
851 2388 958 2447 animas

26 2471 49 2528 in
62 2471 235 2546 Purgatorio
249 2473 387 2531 detentas.

59 2553 216 2616 Quomodo
231 2553 363 2612 dividitur
378 2551 508 2610 Ecclesia
522 2551 563 2611 sic
577 2551 730 2630 generatim
745 2551 882 2629 sumpta?

57 2633 99 2690 ll.
122 2633 162 2692 R.
184 2633 329 2694 Dividitur
342 2634 372 2692 in
386 2633 440 2693 tria
453 2635 586 2706 membra,
600 2633 732 2692 nimirum
755 2633 784 2702 in
799 2631 957 2692 Ecclesiam

25 2713 249 2792 triumphantem,
264 2715 416 2794 patientem
431 2727 460 2772 et
475 2715 649 2776 militantem.

56 2796 117 2856 ΙΙΙ.
141 2795 272 2862 Ecclesia
293 2795 467 2874 triumphans
491 2797 687 2874 complectitur
711 2815 808 2854 omnes
832 2794 862 2852 in
885 2796 957 2854 coelo

26 2877 134 2946 Bmtom
148 2889 208 2934 tam
223 2877 360 2956 Angelos,
375 2875 457 2953 quim
473 2876 617 2937 homines:
639 2877 768 2950 Ecclesia
780 2877 891 2957 patiens
913 2889 957 2936 est

26 2973 107 3016 coetus
131 2959 286 3018 animarum
312 2960 340 3018 iu
356 2959 522 3036 Purgatorio
547 2960 742 3018 detentarum:
764 2959 887 3016 militaus
911 2970 956 3015 est

26 3053 107 3098 octus
132 3039 258 3102 fidelium
280 3041 427 3111 vinorum,
451 3061 501 3100 seu
524 3039 553 3098 in
567 3051 641 3100 terra
659 3040 753 3100 adhuc
776 3040 955 3119 peregrinan-

27 3133 99 3180 hum·

59 3203 111 3264 1v.
133 3201 266 3264 Ecclesia
290 3201 412 3266 militans
426 3201 566 3264 subdividi
590 3213 685 3280 potest
698 3202 728 3260 in
742 3201 901 3260 Ecclesiam
916 3201 954 3262 V.

29 3283 56 3339 T.
68 3285 103 3342 ab
116 3285 232 3343 Adamo
246 3283 355 3343 scilicet
365 3305 454 3364 usque
465 3285 501 3342 ad
512 3283 665 3350 Christum,
681 3304 743 3360 quae
757 3295 819 3340 tnrn
829 3283 956 3354 Judaeos,

29 3375 79 3422 tum
93 3365 237 3436 Gentiles,
252 3386 346 3424 veram
360 3367 631 3444 fidam'profitentes,
648 3363 911 3442 comprehendebat,
926 3378 956 3424 et

30 3445 51 3502 in
65 3443 222 3509 Ecclesiam
240 3447 283 3506 Ne
292 3447 327 3505 T.
342 3449 377 3506 de
392 3467 447 3526 qua
460 3446 645 3528 praecipueiu
659 3447 850 3524 sequentibus.

61 3529 136 3592 Quid
151 3542 196 3588 est
212 3529 342 3588 Ecclesia
355 3529 421 3586 novi
432 3527 629 3587 Testamenti?

61 3610 96 3668 R.
111 3611 160 3670 Ex
176 3611 291 3672 Cauisio
305 3611 444 3670 definitur.
469 3611 636 3669 “Omnium
652 3608 758 3678 Christi
772 3609 856 3666 fidem
871 3621 914 3684 ate

31 3690 221 3752 “Doctrinam
245 3691 436 3770 profitentium
462 3691 660 3768 Congregatio‚
684 3711 744 3768 quae
768 3691 820 3747 sub
844 3709 901 3746 uno

32 3777 44 3802 “
55 3792 163 3834 sommo
177 3787 242 3854 post
257 3772 402 3838 Christum
418 3773 519 3852 Capite
533 3785 563 3832 et
578 3773 693 3832 Pastore
708 3771 832 3832 interris
854 3771 910 3846 gub

33 3859 45 3884 ll
56 3855 160 3916 namn„

470 3935 523 3996 123
