2248 4070
379 119 421 162 na
442 119 589 163 irrorans.
893 102 955 162 309

26 281 87 338 ergo
102 263 151 320 nbi
166 261 219 321 hoc
233 262 260 320 in
282 263 346 342 lege
370 285 420 324 sua
442 267 575 333 declarat,
599 285 663 324 reus
685 283 781 342 poenas
805 265 954 341 privativas

25 346 112 403 subite
137 348 352 414 teuetnr;ci1rn
375 347 429 407 hoc
456 369 512 406 non
534 349 607 406 adeo
633 348 754 406 naturali
780 347 954 406 inclinationi

25 439 165 504 repugnet.

62 508 127 566 Hoc
142 519 251 566 certum
276 521 319 568 est
343 511 418 587 apud
440 529 538 569 omnes
561 529 613 588 pro
634 510 724 588 porois
748 509 954 568 Ecclesiasticis

24 590 166 647 sententiaa
190 591 275 658 latre:
295 592 391 667 quales
416 604 481 650 sunt
505 592 768 658 excommunicatio,
796 593 953 670 suspensio,

24 671 217 747 irregularitas,
232 674 284 731 &c
299 672 364 732 ltine
378 674 426 749 qui
440 675 560 751 patravit
574 674 689 741 crimen,
710 673 765 742 cuix
778 693 887 732 annexa
910 686 954 732 est

12 755 274 812 'excommunicatio
288 757 434 813 sententiae
449 757 522 822 latua,
548 757 613 813 vere
636 756 663 811 in
687 755 748 812 foro
771 756 881 812 interno
905 775 954 813 ex·

25 836 241 892 communicatus
256 851 299 894 est
314 849 378 894 ante
403 839 569 894 sententiam
595 837 815 906 declaratoriam,
841 857 905 913 quar
928 839 954 896 si

25 917 107 984 detur,
122 917 210 975 etiam
225 930 257 974 ut
271 919 335 975 talis
349 919 376 974 in
393 919 453 977 loro
467 931 585 977 externo
599 919 679 975 vitari
694 920 788 975 debet.

60 997 210 1074 Excipitur
243 999 431 1076 irregularitas
466 1013 527 1058 orto
554 1019 591 1057 ex
625 1001 756 1068 iolamia;
777 999 843 1076 quia
869 1019 954 1058 nemo

26 1081 175 1138 censendus
190 1093 233 1137 est
246 1079 308 1158 jure
322 1081 433 1140 infamis
447 1081 501 1140 nisi
522 1095 588 1160 post
609 1082 775 1142 sententiam
800 1082 955 1140 declarato·

25 1161 94 1228 nam,
108 1161 150 1218 ait
165 1163 300 1222 Concioa.
462 1231 464 1236 ¹

59 1241 198 1305 Quaenam
212 1257 255 1302 est
270 1243 427 1303 differentia
439 1245 513 1303 inter
522 1245 688 1303 sententiam
700 1244 810 1304 Jutlicis
821 1245 956 1304 condem·

26 1325 152 1381 nomnium
168 1338 199 1382 ct
213 1325 445 1387 declaratoriam?
619 1335 621 1340 “

60 1403 141 1463 VIII.
158 1407 242 1476 Hrec,
258 1408 335 1484 quod
358 1407 499 1467 sententia
518 1408 745 1466 condemnatoris
767 1409 850 1465 cadat
869 1426 956 1483 super

26 1488 103 1564 ipsam
129 1507 262 1564 poenam;
284 1501 313 1547 et
337 1489 402 1548 hinc
426 1509 509 1568 poeoa
532 1491 650 1548 debetur
671 1488 688 1547 a
712 1485 759 1546 ‹lie
786 1489 953 1546 sententia:

27 1570 156 1626 sententia
181 1572 247 1628 vero
272 1571 454 1630 declaratoria
475 1591 532 1629 non
556 1572 633 1629 cadit
654 1591 739 1648 super
764 1567 954 1648 poenam,·sed

27 1649 107 1709 solim
118 1671 207 1727 super
217 1651 322 1710 crimen
334 1656 523 1722 commissum,
534 1652 685 1720 declarans,
698 1654 772 1728 qulnl
784 1653 846 1728 quis
857 1671 955 1710 revera

27 1731 74 1790 tale
87 1731 196 1790 crimen
210 1735 391 1804 commiserit,
406 1755 439 1793 ac
453 1737 524 1794 adeo
537 1755 646 1812 poenam
661 1735 703 1791 illi
717 1735 871 1812 appositam
886 1751 954 1791 eon·

26 1814 142 1881 traxerit,
158 1816 234 1872 unde
248 1829 312 1892 post
334 1817 500 1875 sententiam
524 1816 734 1874 declaratoriam
758 1833 842 1893 poeoa
864 1827 954 1872 retro·

27 1894 136 1953 trahitur
150 1897 188 1953 ad
201 1909 313 1974 tempus
322 1899 464 1956 commissi
476 1898 608 1970 criminis,
619 1911 649 1957 et
662 1898 844 1957 alienationes
858 1895 955 1955 abillo

27 1990 145 2055 tempore
160 1978 244 2036 factae
260 1980 465 2038 rescinduntur.

29 2221 117 2281 noo.
138 2222 198 2281 DE
212 2223 459 2289 QUALITATE
475 2223 776 2312 OBLIGATIONIS
790 2221 953 2284 LEGUII.

130 2385 158 2444 1.
182 2385 266 2446 ratu
279 2398 369 2458 utu,
384 2385 752 2467 qtatmowmfmau
765 2387 843 2463 repre
866 2347 867 2350 Ὺ

62 2547 216 2614 QUALIS
230 2569 279 2608 seu
295 2551 376 2627 cujus
390 2551 501 2610 virtutis
515 2563 564 2609 aut
577 2549 681 2628 speciei
694 2562 738 2607 est
758 2561 837 2608 actus
857 2547 952 2625 Iegis?

62 2631 84 2687 I.
99 2631 135 2688 R.
153 2631 205 2688 Est
218 2631 299 2689 istius
314 2633 433 2700 virtutis,
449 2653 485 2690 ex
500 2633 580 2710 cujus
595 2631 700 2689 motivo
714 2631 824 2689 lorrnali
838 2631 883 2688 Iex
898 2631 956 2688 lata

32 2723 72 2780 cst,
86 2731 141 2768 non
157 2725 250 2770 antem
266 2735 378 2792 semper
391 2715 474 2772 istius
488 2715 592 2790 speciei
606 2727 655 2772 aut
670 2713 788 2780 virtutis,
811 2713 846 2769 ad
871 2731 955 2788 quam

32 2793 135 2850 materia
151 2793 230 2851 settis
244 2809 370 2872 spectat;
391 2815 454 2853 nam
477 2797 594 2853 virtutes
608 2809 637 2853 et
659 2807 739 2852 actus
762 2795 896 2851 virtutum
919 2811 955 2851 ex

33 2874 130 2951 objecto
145 2895 196 2932 seu
210 2877 316 2933 motivo
330 2878 440 2935 Iormali
455 2877 575 2934 discerni
589 2878 702 2934 debent.

66 2956 109 3014 Sic
123 2958 280 3014 observatio
289 2957 390 3036 jejunii
405 2959 650 3036 quadragesimalis
675 2967 719 3015 ast
742 2967 822 3014 actus
843 2954 955 3012 virtutis

33 3038 205 3107 abstinentior,¹
228 3053 257 3097 et
280 3041 437 3098 observatio
457 3039 557 3117 jejunii
585 3038 718 3097 naturalis
746 3049 811 3094 ante
840 3037 955 3094 Sacram

34 3119 255 3180 Commuoiooem
272 3133 316 3179 est
329 3137 410 3180 actus
426 3123 534 3180 rimutis
551 3121 724 3198 Religionis:
746 3119 874 3177 similiter
894 3137 955 3176 ces·

34 3201 92 3258 satio
105 3203 140 3258 ab
151 3221 234 3278 opere
245 3205 338 3262 servili
350 3205 396 3262 ‹lie
408 3203 500 3272 Festo,
513 3217 556 3262 est
570 3216 649 3261 actus
660 3201 826 3278 Religionis.
869 3199 955 3258 Ratio
1054 3235 1055 3240 κ

35 3283 144 3338 omnium
154 3297 206 3350 est,
218 3286 284 3359 quia
292 3307 327 3344 err
337 3287 434 3345 talium
446 3287 579 3344 vittutum
592 3286 696 3343 mutire
706 3283 814 3341 turmali
827 3281 956 3341 Ecclesits

35 3363 77 3420 ista
89 3365 224 3440 praecipit.

67 3447 146 3510 Qum
171 3461 264 3504 autem
290 3447 447 3524 legislativa
470 3461 595 3526 potestas
622 3447 712 3526 possit
739 3446 891 3523 praecipere
919 3463 955 3503 ax

35 3527 128 3583 motivo
141 3529 252 3586 formali
266 3528 467 3609 cujuscumque
482 3532 601 3600 virtutis,
616 3549 651 3587 ex
666 3549 700 3586 eo
720 3530 869 3606 probatum
890 3527 956 3604 quia

36 3607 104 3665 aliter
116 3609 199 3666 finem
214 3629 305 3679 suum,
321 3613 368 3688 qui
383 3625 426 3671 est
439 3614 543 3671 bonum
566 3611 720 3688 temporale
745 3610 790 3667 rel
811 3608 955 3686 spirituale

36 3691 206 3758 subditorum,
220 3693 330 3767 assequi
345 3713 400 3751 noo
424 3707 537 3770 posset:
558 3713 614 3751 non
639 3694 721 3749 (latur
741 3691 814 3748 enim
837 3688 956 3765 alicujus

36 3771 131 3828 virtutis
144 3785 234 3841 actus,
250 3775 317 3848 quin
331 3775 481 3851 aliquando
491 3778 526 3834 ad
537 3777 621 3834 finem
631 3773 778 3850 potestatis
790 3771 955 3850 legislativae

35 3852 65 3910 sit
76 3854 254 3927 necessarius,
268 3869 317 3914 aut
331 3857 430 3916 saltem
446 3859 585 3916 conducat·
599 3855 762 3933 plurimum.
