2224 4050
317 147 360 188 nn
382 133 588 189 vmnumaua.
884 129 922 187 8l

53 287 86 345 R.
96 289 168 348 Cum.
179 289 208 349 S.
219 287 320 348 Thom-
330 289 379 350 htc
389 293 424 349 ad
435 293 462 349 3.
478 297 495 326 “
508 291 587 350 Siout
597 311 698 350 vovere
710 303 752 350 est
763 291 924 361 voluntatis,

18 375 33 402 “
44 369 243 430 reddoraantem
252 374 444 442 nscessitatis3
457 373 498 431 ito
508 374 635 450 accipere
645 375 730 432 fidem
739 386 782 430 est
796 373 924 430 volunta*-

16 451 83 519 “tis,
107 454 151 510 sed
173 467 316 530 acceptam
330 468 427 512 tenera
449 467 492 512 est
515 455 723 532 neeeasitatis;”
745 467 830 530 atque
853 455 925 512 adeo

17 529 126 591 haretici
145 535 271 610 compelli
292 549 419 612 possunt,
433 548 466 592 ut
486 537 570 593 fidem
585 549 714 604 tanetum
736 537 846 594 interim
867 555 925 592 non

18 624 114 690 ompot-
124 617 240 692 expedit,
255 630 287 675 ut
302 618 430 676 Ecclesia
444 617 497 676 hoc
516 609 697 696 juwittatun
711 631 795 696 prout
818 616 926 696 patebit

18 715 43 754 at
55 696 121 754 infra
133 697 261 756 dicendis.

18 858 46 916 N.
57 860 103 916 52.
133 861 189 918 DE
201 860 594 921 ¹COMMUNICATIONE
610 861 819 924 FlDELIUM
833 859 927 922 CUM

323 943 599 1006 INFIDELIBUS.

200 1103 235 1164 S.
253 1095 352 1164 ltom.
368 1107 396 1162 2.
410 1107 439 1162 2.
450 1115 550 1182 queat.
566 1107 613 1164 to
627 1116 682 1166 ort.
698 1107 725 1165 9.

18 1263 113 1324 lNott
135 1265 200 1325 lieet
221 1269 429 1326 communicare
452 1287 517 1326 cum
541 1268 708 1346 infidelibus
730 1271 762 1327 itt
783 1267 927 1344 reliqum.

46 1347 81 1404 ll.
101 1347 299 1406 Necioemtdo
320 1369 384 1407 cum
407 1351 480 1427 ipsit
500 1353 726 1409 matrimonium.
768 1351 823 1408 Ill.
844 1350 929 1408 Licet

46 1440 133 1486 tomen
145 1431 178 1486 iu
190 1429 330 1489 attam.
371 1431 423 1488 IV.
442 1429 494 1488 An
507 1429 591 1490 liceat
603 1434 753 1510 disputare
765 1431 893 1544 clefidt.x

47 1590 179 1650 AN'licet
192 1587 352 1650 infidelibus
366 1587 597 1653 communicare?

45 1674 77 1730 R.
96 1671 211 1750 Triplex
226 1686 322 1750 potest
334 1675 468 1758 distingui
482 1675 707 1734 communicatio.
794 1705 796 1711 2

45 1755 65 1811 I.
78 1755 171 1812 Ptima
178 1768 222 1812 est
230 1756 261 1812 in
271 1755 335 1825 illis,
346 1777 409 1834 qnae
420 1770 548 1834 spectant
557 1758 593 1816 ad
603 1755 701 1816 falsam
712 1773 805 1815 emam
816 1753 928 1832 religio·

17 1836 107 1903 nun
121 1837 224 1912 quibus
234 1855 376 1912 nunqnam
388 1839 455 1896 licet
468 1857 532 1897 cum
543 1839 702 1897 infidelibus
713 1838 928 1905 communicare,

18 1937 84 1993 opera
104 1917 248 1994 religionis
270 1918 393 1995 ipsorum
415 1920 559 1980 faciendo:
580 1920 634 1978 hoc
648 1920 722 1978 enim
743 1931 817 1976 esset
831 1937 928 1986 comm

12 2005 101 2056 'actam
114 1997 241 2076 profiteri
252 2023 260 2068 3
272 1999 337 2058 ltine
351 2019 404 2059 nec
413 2002 481 2060 licet
494 2001 562 2080 ipsis
575 2003 602 2059 T
603 2002 705 2078 ampla,
721 2001 839 2068 Altaria,
854 1999 927 2056 Ves-

18 2093 48 2136 tes
60 2080 260 2150 Sacerdotales‚
275 2083 327 2140 &o
342 2083 487 2153 conficere,
502 2082 634 2159 quiahoc
648 2093 721 2141 esset
735 2082 814 2159 ipsis'
823 2081 930 2138 diocto

12 2163 172 2219 tectionem
187 2163 323 2238 peccandi
334 2166 468 2241 ptaebere.
486 2209 491 2219 .
508 2165 582 2224 Vulo
594 2165 623 2223 S.
635 2163 736 2224 Thom.
746 2166 775 2220 2.
789 2165 818 2221 2.
828 2175 928 2239 quaest.

21 2243 69 2300 tlt.
82 2263 105 2300 a.
120 2245 150 2301 2.
166 2245 204 2300 ad
218 2245 247 2301 4.
872 2257 882 2293 ἰ

47 2324 79 2381 ll.
93 2323 228 2383 sonuum
240 2337 284 2384 est
296 2325 324 2382 in
338 2325 532 2385 matrimonio:
546 2338 630 2404 atque
643 2323 705 2384 haeo
715 2323 930 2384 communicatio

20 2406 46 2461 itt
55 2406 181 2463 fidelibus
196 2419 240 2464 est
253 2407 409 2474 interdicta,
420 2419 461 2477 ut,
471 2409 495 2465 si
510 2429 573 2466 cum
588 2429 644 2466 non
659 2406 804 2485 baptizatis
819 2417 930 2464 contra·

20 2485 229 2557 intentantem,
250 2489 458 2546 matrimonium
482 2490 517 2548 sit
541 2490 668 2556 irritum:
689 2489 713 2546 si
737 2507 802 2546 cum
823 2487 932 2546 infideli

21 2569 139 2644 baptizato
153 2567 280 2627 validum
295 2569 407 2645 quidem
421 2571 467 2638 sit,
481 2573 530 2628 sod
545 2571 581 2628 de
595 2591 625 2629 se
638 2569 778 2628 illicitum.

46 2649 92 2706 llI.
114 2650 217 2708 Tertia
231 2651 316 2708 estin
330 2651 394 2720 illis,
406 2671 468 2727 quae
479 2665 607 2731 spectant
620 2653 655 2710 ad
670 2652 779 2710 civilem
795 2663 824 2709 et
837 2649 932 2728 politi-

20 2749 63 2786 cen
75 2731 374 2800 conversationemsut
388 2747 452 2790 sunt
466 2735 582 2812 emptio,
593 2734 724 2804 venditio,
734 2731 868 2802 convivia,
877 2733 931 2790 &u

21 2811 142 2886 inquibus
156 2833 224 2872 cum
239 2813 396 2872 infidelibus
411 2815 477 2873 licet
491 2815 705 2884 communicata,
719 2815 772 2872 nisi
786 2814 856 2872 talos
866 2813 933 2880 sint,

22 2893 52 2965 qui
64 2895 94 2950 ab
109 2893 245 2953 Ecclesia
257 2897 420 2952 nominatim
442 2910 507 2954 sunt
522 2898 677 2954 denuntiati
691 2910 723 2954 ut
736 2895 852 2954 vitandi.
892 2893 935 2952 Et

22 2976 123 3048 quamne
138 2976 297 3052 antiquitus
311 2976 539 3036 omueshaereticl
551 2991 580 3036 et
590 2997 687 3036 omnes
698 2975 933 3035 excommunicati
1036 3029 1037 3034 ,

23 3069 92 3112 esent
101 3057 232 3125 vitandi3
253 3057 336 3116 hodia
349 3071 452 3127 tamena
465 3079 501 3117 ox
516 3060 706 3117 moderatione
722 3057 843 3118 Concilii
857 3057 933 3116 Con·

22 3137 167 3196 cantiensis·
187 3139 218 3196 in
243 3159 306 3216 cap.
326 3141 390 3198 “ad
418 3141 565 3198 evitanda'’
595 3141 780 3199 communiter
806 3139 934 3208 docetur,

23 3216 91 3273 ullos
104 3221 366 3279 excommunicatos
390 3241 451 3280 esse
466 3223 601 3291 vitandos,
616 3223 670 3279 nisi
693 3222 749 3278 sint
768 3219 934 3278 nominatim

24 3297 167 3368 letmtimi,
196 3302 241 3359 vel
260 3303 316 3360 sint
339 3303 441 3359 uototii
455 3304 630 3364 clericorum
654 3319 848 3380 percussorem
868 3300 936 3360 hinc

24 3375 83 3436 lodic
95 3381 177 3440 nulla
192 3396 236 3439 est
249 3383 295 3441 lox
309 3384 436 3460 positiva,
448 3405 510 3460 quae
520 3385 673 3444 Catholicis
686 3383 814 3463 prohibet
823 3383 853 3441 in
868 3383 935 3441 tivi·

12 3457 75 3540 ¹libus
86 3464 297 3522 communicare
311 3485 374 3522 cum
389 3465 557 3524 infidelibus.

12 3563 14 3652 ι
50 3539 140 3600 Potest
161 3541 261 3602 tamen
285 3565 320 3603 ex
339 3545 402 3622 jure
429 3548 548 3606 naturali
573 3547 638 3606 oriri
666 3544 801 3624 obligatio
828 3545 937 3603 vitandi

26 3617 161 3682 Haereticoe
178 3627 224 3684 vel
238 3621 501 3698 excommunicatos,
511 3629 642 3686 videlicet
655 3630 693 3684 ob
703 3627 856 3704 peniculum
871 3645 935 3702 pet-⁴

27 3703 142 3774 testonis,
158 3708 208 3765 vel
220 3721 335 3785 propter
356 3710 515 3767 scandalum
537 3710 664 3778 aliorum,
679 3710 723 3765 vel
743 3707 853 3783 quando
867 3725 928 3764 oon

28 3785 119 3842 ursano
133 3808 202 3846 cum
217 3789 285 3866 ipsis
299 3789 379 3847 obest
398 3791 571 3849 conversioni
587 3807 692 3847 eorum.

12 3873 13 3932 ι
53 3865 91 3922 An
103 3866 218 3928 licitum
233 3883 276 3930 est
290 3871 430 3948 disputare
445 3873 480 3931 do
494 3873 549 3930 lide
560 3891 624 3929 cum
636 3867 821 3928 infidelibus?
