2226 4064
220 187 225 194 Ι
260 115 302 160 os
322 115 467 164 vrnrura
486 115 699 164 caanrnarrs.
848 151 853 163 .
885 105 945 166 237

55 263 192 328 Quanam
206 275 272 322 sunt
285 261 334 323 illa
347 263 438 325 vitia?

53 345 76 402 1.
92 346 131 402 R.
146 345 372 405 Recensenturir
387 347 416 406 S.
434 345 535 414 'l’bom
550 347 711 426 sequentias
733 343 829 406 odium
844 347 902 407 Dei
916 361 946 408 ει

18 425 140 502 proximi,
169 427 275 496 acedia,
303 428 417 498 invidia,
443 429 593 508 discordia,
628 430 780 498 contentio,
815 429 945 500 schisma,

19 507 125 576 bellum,
139 505 210 576 rixa,
226 509 327 567 seditio
340 522 370 568 et
383 511 556 570 scandalum.
597 512 644 570 De
667 511 771 570 invidia
795 523 824 569 et
848 511 945 570 acedia

18 588 118 663 εςίιειιε
134 589 223 648 Num.
240 591 306 648 144.
320 601 350 648 et
367 593 434 653 147.
455 597 474 626 ‘⁶
485 593 520 650 de
536 592 689 664 Peccatis,”
704 594 740 652 de
755 593 864 652 caeteris
878 592 945 652 alibi

17 689 64 726 uon
78 669 228 746 explicatis
241 669 286 729 bic
301 672 421 731 breviter
433 673 583 750 agendum.

50 750 126 813 Quid
141 753 319 814 estodium?

49 831 88 889 ll.
104 832 142 890 lt.
162 833 215 890 Est
229 850 308 892 actus
323 835 424 894 mantis
438 835 578 914 objectum
594 835 707 914 aliquod
721 836 883 896 aversantis.

50 913 215 991 Quoruptex
229 918 311 974 datur
324 916 421 974 odium
432 917 447 975 ?

49 993 103 1052 111.
119 995 160 1056 R.
175 995 300 1074 Duplex,
321 998 430 1057 scilicet
444 999 541 1057 odium
563 999 779 1060 abominationis
800 1011 829 1059 ει
853 998 945 1058 inimi·

16 1090 88 1135 otta).
814 1129 818 1140 .

48 1157 97 1216 lV.
119 1157 230 1216 Odium
253 1160 467 1219 abominationis
491 1173 544 1224 est.
559 1182 624 1238 ⁴quo
645 1181 705 1221 rem
727 1161 772 1220 rel
796 1181 945 1240 pomonam

16 1257 168 1298 avemamur
180 1253 213 1298 at
226 1241 306 1299 nobis
321 1242 364 1300 vel
379 1243 481 1301 nostris
495 1243 606 1301 malurn.

48 1320 156 1378 Odium
171 1323 384 1381 abominationis
397 1325 517 1400 proximi
531 1323 712 1402 distinguitur
732 1325 845 1403 duplex,
867 1325 942 1384 scili·

16 1403 164 1460 estodium
178 1403 392 1462 abominationis
405 1405 493 1483 ipsius
508 1425 643 1483 personae,
667 1427 724 1484 quo
738 1405 828 1484 ipsum
844 1427 943 1464 secun·

16 1481 71 1541 drim
85 1503 126 1553 ss,
144 1482 279 1560 quantrim
304 1487 340 1544 ad
364 1499 490 1545 naturam
516 1488 560 1545 rel
584 1489 711 1564 gratiam,
735 1488 814 1544 velut
836 1488 942 1545 malum

16 1565 158 1642 displicens
172 1585 350 1626 aversamur:
371 1580 470 1644 estque
494 1588 605 1646 semper
629 1569 743 1627 malum.
785 1568 874 1626 Aliud
898 1583 943 1627 est

16 1647 97 1704 odium
113 1647 331 1707 abominationis
344 1650 487 1727 qualitatis
501 1651 630 1726 proximi,
649 1669 706 1726 quo
720 1669 867 1728 porsonam
889 1649 943 1708 sub

15 1741 80 1786 certa
106 1729 254 1804 qualitate,
277 1731 321 1789 vel
345 1732 440 1812 potibs
464 1731 627 1810 qualitatem
650 1733 739 1808 ipsam
763 1749 941 1793 aversamur:

16 1821 38 1866 st
49 1806 108 1877 boc,
124 1810 148 1867 si
163 1809 201 1870 sit
214 1813 250 1870 de
263 1811 345 1870 bonis
363 1813 554 1889 qualitatibus,
568 1822 612 1872 est
633 1812 748 1885 malurn,
763 1812 787 1870 si
801 1813 837 1871 ds
851 1813 941 1884 malis,

15 1903 97 1968 potest
111 1911 175 1950 esse
190 1894 304 1951 bonum.

47 1972 80 2028 V.
102 1972 211 2032 Odium
227 1973 382 2033 inimicitie
402 1985 454 2042 est,
477 1994 534 2051 quo
555 1994 591 2033 ex
613 1993 741 2052 personae
765 1973 942 2052 displicentia

15 2052 134 2112 volumus
148 2055 178 2114 ei
191 2056 305 2127 malum,
318 2067 351 2115 ut
365 2055 392 2115 ei
405 2056 478 2116 male
491 2057 528 2115 sit
539 2077 547 2115 r
561 2069 591 2116 et
604 2055 658 2116 boc
669 2056 765 2116 odium
776 2076 886 2135 semper
897 2070 941 2116 est
983 2060 989 2082 l

16 2149 147 2194 ntrosum.
553 2162 554 2166 ¹

48 2217 192 2281 Quantum
207 2230 352 2296 peccatum
366 2219 518 2280 estodium
534 2220 613 2280 Dei?
926 2297 929 2302 Ι

47 2299 96 2356 Vl.
113 2297 150 2358 R.
166 2299 220 2358 Est
233 2314 379 2378 paccatum
394 2301 589 2378 gmvissimum
614 2299 802 2378 comparativa
825 2300 861 2359 ad
885 2300 942 2360 alia

17 2392 137 2456 peccam
159 2382 225 2458 quia
248 2396 385 2458 repugnat
409 2381 505 2440 virtuti
527 2381 765 2460 prestantissima
786 2381 941 2440 secunddm

17 2461 169 2537 primarium
182 2463 259 2520 illius
278 2477 382 2533 actum,
396 2463 505 2522 scilicet
523 2463 682 2522 dilectionis
696 2463 770 2521 Dei:
795 2463 890 2521 necin
905 2482 940 2522 eo

17 2543 86 2599 datur
99 2544 224 2620 parvitas
239 2545 381 2612 materias:
401 2546 467 2621 quia
477 2545 542 2605 Deo
557 2558 654 2623 opturs
668 2545 753 2604 etiam
768 2543 940 2603 levissimum
1049 2607 1053 2612 ,

18 2623 120 2693 malum,
136 2625 229 2682 eidem
244 2637 288 2684 est
302 2625 423 2684 maxima
441 2625 616 2704 injuriosum.

49 2706 192 2769 Quantum
208 2719 353 2784 peecatum
369 2719 412 2766 est
426 2708 522 2765 odium
536 2707 657 2785 proximi
669 2707 680 2768 i

48 2786 113 2844 Vll.
137 2788 174 2846 R.
190 2787 295 2846 Odium
309 2788 465 2847 inimicitias
479 2809 545 2866 erga
558 2790 717 2866 proximum
735 2800 778 2846 εει
791 2799 939 2866 peecatum

17 2887 158 2944 exgenere
171 2887 223 2926 suo
237 2869 374 2928 mortale:
389 2881 483 2948 potest
497 2882 591 2928 tarnen
606 2890 668 2929 esse
678 2871 786 2928 veniale
800 2889 836 2928 ex
849 2869 940 2946 parvi-
962 2908 964 2912 .

17 2961 63 3006 tate
78 2950 212 3017 materiae,
228 2963 259 3009 nt
272 2951 297 3008 si
311 2971 346 3009 ex
360 2951 416 3010 leri
429 2970 556 3029 persona
570 2952 747 3030 displicentia
760 2952 823 3010 leve
844 2951 938 3009 eidem

17 3030 109 3088 malurn
124 3045 247 3110 optetur.

50 3112 153 3170 Odium
165 3111 378 3172 abominationis
388 3133 517 3189 perscore
527 3111 646 3191 proximi
655 3111 782 3172 similiter
791 3125 939 3190 peccatum

19 3205 98 3251 estex
112 3213 217 3270 genera
231 3215 283 3252 suo
297 3194 431 3253 mortale:
451 3207 545 3273 potest
568 3208 662 3252 tamen
687 3213 748 3253 osse
771 3193 878 3252 veniale
903 3213 940 3252 ex

19 3274 119 3333 levitate
134 3276 267 3345 mater-ire,
281 3289 314 3334 ut
327 3289 371 3334 cst
384 3276 454 3334 levis
468 3275 593 3335 aversior
615 3275 683 3343 imo,
698 3275 851 3334 secundum
867 3275 935 3334 Pro·

20 3355 91 3430 lngne
101 3369 130 3414 et
141 3357 269 3426 Billuart‚
284 3357 346 3416 narb
360 3371 403 3415 est
418 3357 544 3426 mortale,
559 3357 670 3433 quando
685 3371 728 3414 est
748 3355 867 3433 simplex
882 3357 940 3413 dis·

21 3437 139 3512 pliceutia
153 3439 197 3496 vel
212 3439 319 3496 aversio
333 3437 350 3496 a
363 3459 481 3516 persona
494 3442 598 3515 absque
619 3459 662 3508 ao,
688 3439 761 3514 qubd
784 3437 810 3496 ei
825 3437 940 3514 aliquod

21 3517 111 3576 uelum
125 3531 248 3596 optetur.
290 3521 343 3578 Est
356 3534 450 3578 tamen
465 3521 663 3598 periculosum,
673 3519 794 3578 maxima
808 3521 875 3576 dum
890 3519 940 3578 diu

22 3599 108 3658 durat:
128 3601 194 3676 quia
207 3615 303 3659 natum
318 3614 363 3659 est
375 3601 446 3666 fieri,
461 3604 537 3679 qubd
560 3601 753 3682 complaceant
774 3600 854 3672 mala,
875 3617 939 3682 quta
1011 3645 1020 3654 -

22 3678 150 3742 hincinde
164 3683 292 3764 proximo
306 3682 467 3744 obveniunt.
