2228 4076
238 153 281 194 nn
304 149 448 214 vrnru'rr
466 149 681 193 cuanrrnrrs.
838 144 842 152 “
867 134 925 192 201

9 295 113 352 nfidelie
123 295 226 373 incipit
240 298 353 356 credere
366 296 498 355 revelatio
511 308 627 374 propter
638 295 756 374 primam
771 295 932 364 ueritatem,

9 389 104 472 menter
126 391 209 472 actus
233 379 311 448 fidei,
333 379 401 438 lieet
423 379 545 438 necdum
569 379 618 438 ille
642 391 722 438 actuo
743 378 872 438 elicietur
893 380 929 436 nb

9 459 259 617 ¹8iiii]rii‘rigiil'detur
272 540 391 600 charitas
410 541 561 600 informis?
600 497 601 504 ¹

34 621 67 680 R.
88 623 232 699 implicat,
247 624 325 699 qudd
346 625 428 682 detur
449 624 537 682 virtus
561 622 704 682 charitatis
728 623 856 682 informis
877 643 928 682 een

9 704 49 760 ine
63 703 163 762 habitu
178 703 341 772 ohannein
360 706 410 762 ced
423 719 517 782 potest
542 705 600 762 ‹lari
627 725 705 764 arnor
728 703 846 763 actualia
871 706 928 764 Dei

9 786 123 854 nformie,
139 805 193 843 eeu
209 787 330 861 quinino
345 785 441 844 habitu
455 786 597 844 charitatis
611 787 732 845 elicitur.

33 867 159 924 Similem
175 887 300 926 amorem
316 869 439 926 admittit
455 869 483 926 S.
499 869 524 925 T
525 867 622 926 hornae
636 869 760 928 scribens
774 868 802 926 in
817 871 846 926 2.
865 868 929 928 diet.

9 949 38 1004 l8.
51 963 101 1006 art.
117 951 147 1006 3.
163 951 200 1007 ad
216 951 249 1006 3:
265 956 283 984 ‘⁶
295 949 466 1017 Dicendum,
482 951 558 1025 quod
572 950 646 1008 eleut
661 949 778 1006 alierum
792 950 928 1008 virtutum

9 1035 99 1087 'actus
123 1031 279 1107 dupliciter
303 1032 471 1090 considerari
499 1043 634 1108 possunt:
655 1031 695 1088 ita
719 1032 802 1090 etiem
828 1045 871 1090 eet
893 1034 929 1090 (lu

9 1110 178 1170 ‘charitater
199 1123 296 1189 potest
309 1113 384 1170 enim
399 1113 499 1188 aliquio
513 1113 597 1172 etiam
613 1111 777 1170 charitatem
798 1133 856 1172 non
879 1113 930 1172 hu·

9 1193 96 1260 'bene
111 1193 234 1268 diligere
250 1194 407 1272 proximum
422 1209 452 1252 et
463 1195 558 1252 Deum
568 1193 668 1271 (etiam
684 1196 883 1270 superomnia,
897 1207 929 1253 ut

9 1275 135 1349 ‘qnidam
151 1276 264 1345 dicunt)
273 1288 304 1333 et
317 1275 371 1334 lucc
385 1277 503 1350 diligere
516 1273 775 1351 intelligituructue
786 1275 929 1336 charitatis

9 1359 16 1388 ⁴
27 1357 72 1412 sub
86 1371 236 1434 praecepto
246 1358 351 1416 directe
362 1359 470 1428 cedere,
481 1369 511 1416 et
520 1377 577 1416 uon
588 1357 678 1414 eolirm
690 1359 843 1415 recundlrm
854 1359 930 1434 quod

9 1435 39 1495 ‘i
51 1437 190 1496 ehodum
205 1438 359 1516 procedit.”

9 1519 86 1578 tilio
100 1533 201 1580 marren
221 1541 300 1578 arnor
321 1520 406 1578 hodie
431 1521 572 1580 communi
596 1516 717 1578 termino
740 1519 833 1579 vmari
857 1520 930 1578 solet

9 1597 104 1658 lilectio
119 1601 191 1670 Dei,
208 1603 250 1660 vel
265 1621 344 1660 umor
357 1602 415 1660 Dei
430 1603 590 1671 benevolus,
604 1615 637 1660 ut
652 1615 717 1662 ante
732 1602 839 1660 dictum
854 1615 906 1660 eet.

9 1699 11 1732 Ι
31 1683 74 1740 De
88 1683 148 1741 hoc
163 1703 258 1742 amore
272 1684 354 1744 multi
368 1684 530 1760 intelligunt
545 1684 615 1742 illud
631 1683 708 1742 Trid.
725 1683 799 1743 Seue.
813 1687 842 1740 6.
859 1703 885 1742 c.
902 1689 929 1744 6.

9 1759 176 1823 lescnbeutis
205 1763 402 1842 dispositiones
429 1766 465 1823 od
495 1765 725 1842 justificationem
760 1766 929 1841 requisitum

9 1845 170 1923 llllomque
179 1845 308 1924 (Deum)
317 1859 450 1925 tanquam
462 1848 553 1906 omnis
562 1845 682 1925 juetitioe
692 1849 798 1906 fontem
813 1847 930 1926 diligere

9 1925 192 2005 lincipiunt.'’

9 2031 11 2062 t
32 2009 186 2072 Quomodo
200 2009 334 2068 dividitur
346 2029 425 2068 amor
440 2010 497 2070 Dei
512 2010 695 2068 Benevolus?

9 2099 11 2130 l
31 2090 69 2147 11.
90 2093 131 2150 R.
155 2091 254 2148 Dividi
268 2105 362 2168 potest
375 2092 404 2149 iu
423 2111 547 2150 amorem
563 2091 621 2150 Dei
645 2111 730 2168 super
753 2092 855 2160 omniu,
874 2113 947 2168 quo,

9 2167 69 2228 leue
92 2174 246 2250 praefertur
273 2173 411 2242 omnibus,
436 2185 465 2231 et
488 2173 517 2230 in
539 2192 662 2232 amorem
685 2172 742 2232 Dei
767 2193 822 2230 non
847 2193 931 2250 super

9 2255 89 2324 mnia,
105 2274 166 2330 quo
181 2255 262 2312 Deus
277 2268 334 2312 tam
348 2255 426 2312 tenui
441 2255 544 2312 affectu
558 2267 675 2322 amatur,
689 2268 723 2314 ut
743 2255 791 2312 elii
812 2255 930 2316 effectus

9 2332 79 2392 nllruc
92 2336 288 2413 praevaleant:
303 2336 343 2394 ita
358 2337 387 2394 S.
399 2338 476 2412 Aug.
491 2338 526 2394 de
536 2336 629 2412 seipso
644 2336 713 2394 dicit
723 2336 771 2396 lib.
782 2339 811 2394 8.
821 2339 930 2396 confes·

9 2414 97 2474 ionum
113 2431 141 2474 c.
159 2419 189 2474 5.
212 2417 378 2476 “Voluntas
391 2437 471 2488 nove,
488 2437 552 2493 quae
568 2416 636 2474 mihi
657 2437 720 2476 ecoe
746 2431 875 2494 eruperat,
896 2431 930 2478 ut

9 2501 53 2553 *te
66 2501 157 2574 gmtle
170 2498 302 2565 colerem,
327 2500 451 2558 nondum
477 2509 538 2558 eret
560 2499 663 2556 idonea
686 2500 721 2558 ad
745 2501 930 2576 superandam

9 2579 145 2654 ‘priorem
162 2592 302 2637 vetustate
316 2581 498 2638 roboratam.”

34 2659 146 2719 Deinde
161 2681 284 2718 amorem
301 2662 357 2719 Dei
372 2682 456 2738 super
479 2661 572 2718 omnic
597 2661 726 2718 dividunt
740 2661 930 2720 Louenieneee

9 2757 158 2801 namorem
175 2743 233 2800 Dei
248 2763 331 2820 super
345 2744 439 2800 omnia
452 2743 556 2800 effectu
570 2742 688 2811 tuntilm,
707 2755 736 2800 et
757 2743 784 2800 in
806 2765 929 2802 amorem

9 2819 48 2877 llei
60 2843 149 2902 super
162 2824 258 2882 omnia
271 2825 384 2884 effectu.
427 2825 482 2882 Hir
496 2825 621 2882 terminis
640 2837 705 2900 poet
728 2825 929 2886 Bellcrminum

9 2903 77 2961 rtitur
92 2907 180 2964 Peter
195 2905 304 2983 Lupus,
319 2923 348 2964 et
362 2927 426 2964 cum
440 2907 490 2964 illo
504 2907 643 2984 Deputati
657 2906 728 2964 Lor.
742 2907 842 2964 llomae
856 2926 930 2964 anno

34 3066 102 3129 Quis
113 3088 194 3126 amor
204 3067 307 3126 dicitur
320 3068 510 3147 superomnia
524 3068 627 3126 affectu
641 3069 758 3141 tantdm,
773 3071 835 3146 quis
846 3089 929 3146 super

9 3149 83 3206 lunio
96 3149 228 3208 effectu?

35 3229 85 3288 llI.
103 3233 141 3290 li.
156 3233 248 3288 Amor
261 3251 345 3308 nuper
358 3233 452 3290 omnia
465 3231 569 3290 affectu
582 3231 700 3296 tantdm,
723 3244 766 3290 ent
791 3232 847 3301 ille,
873 3251 929 3307 quo

9 3303 72 3367 Deus
85 3312 218 3369 omnibus
232 3309 333 3370 effectu
349 3315 461 3388 quidem
479 3313 632 3389 praefertur,
654 3326 683 3369 et
697 3312 851 3388 qno‘lromo
865 3329 928 3390 pro-

9 3393 70 3462 ponit
83 3395 112 3450 in
127 3413 231 3468 genere
245 3395 391 3472 quodlibet
412 3395 506 3469 potilio
526 3394 593 3470 pati,
618 3393 699 3469 qudm
725 3395 816 3470 ipsum
841 3395 928 3454 offen·
949 3447 952 3452 .

9 3469 76 3540 lere;
96 3474 147 3533 ned
161 3488 255 3534 tamen
269 3477 373 3534 effectu
387 3478 458 3534 adeo
472 3475 569 3542 debili,
584 3487 616 3532 ut
630 3477 665 3532 cd
680 3476 782 3552 primos
804 3497 928 3552 quasque

9 3557 160 3613 tentationes
174 3557 321 3624 notabiles,
335 3559 420 3616 etiarn
436 3557 597 3624 ordinarios,
619 3557 795 3626 madescent,
811 3559 929 3618 affectus

9 3633 158 3706 uinceretur,
184 3652 213 3694 et
237 3637 321 3696 horno
346 3653 462 3714 peccato
486 3639 700 3698 succumberet:
720 3641 797 3699 unde
821 3641 929 3709 dicunt,

9 3709 67 3774 lunc
80 3738 203 3778 amorem
218 3739 274 3776 uon
285 3719 439 3796 justificare
460 3721 520 3778 sine
536 3719 725 3778 Sacramenta.

36 3798 84 3857 lv.
106 3805 198 3858 Amor
212 3801 269 3858 Dei
284 3822 368 3878 nuper
381 3803 475 3858 omnia
488 3800 590 3858 effectu
605 3813 648 3857 eet
662 3801 720 3870 ille,
735 3802 782 3878 qui
796 3803 835 3862 ita
849 3803 928 3860 fortir

9 3889 46 3948 tet,
59 3893 88 3938 et
106 3883 147 3942 ito
160 3882 227 3942 Deo
250 3879 397 3956 inhaerens,
420 3897 453 3942 ut
467 3881 637 3941 tentationes
661 3883 822 3953 ordinarias,
842 3883 929 3940 etiarn
