2248 4070
150 140 212 200 aet
522 157 718 202 rnacrnrus

152 303 246 362 solent
268 321 329 361 esse
353 302 439 379 leges,
468 323 533 382 quae
561 304 746 382 praesoribunt
772 303 954 382 particulares
978 303 1095 380 aliquas

152 384 344 444 solemnitates
358 385 387 442 iu
402 388 589 444 contractibus
603 388 760 455 servandas,
776 405 839 461 quae
863 397 999 444 vocantur
1023 405 1096 444 con·

153 466 325 534 eustadium,
340 485 390 524 seu
403 464 481 542 leges
495 468 559 525 loci.

199 547 232 605 V.
246 547 308 604 Lex
322 548 475 624 personalis
489 561 613 618 vocatur,
625 568 688 624 quae
703 549 808 606 directe
819 548 948 624 dirigitur
961 548 999 606 ad
1014 548 1097 625 ipsas

192 636 289 686 monas
314 629 409 706 eisque
433 628 565 698 adbaeret,
591 643 620 688 et
647 625 702 706 qui
728 630 894 704 obligantur,
915 630 1097 704 ubicumque

169 729 283 768 ocorum
298 710 438 768 existant:
459 711 523 769 talis
538 722 580 769 est
605 711 651 769 lex
675 711 810 768 recitandi
835 711 915 769 boras
939 711 1097 769 'canonicas

157 803 288 868 respectu
301 791 476 859 Sacerdotis:
489 793 560 850 tales
574 793 658 850 etiam
673 805 738 850 sunt
747 813 844 851 omnes
858 793 935 870 leges
948 791 1098 851 naturales

157 873 270 932 amandi
284 871 390 942 Deum,
404 893 460 930 uon
474 874 637 942 fornicandi,
651 875 703 932 bro.

58 989 61 994 ·
162 981 165 990 ,
198 955 256 1012 Hi
266 955 418 1031 premissis
428 967 589 1014 statuuntur
601 956 708 1036 regulas
721 968 887 1031 sequentes:

164 1071 168 1084 ·
199 1035 260 1097 Vl:
269 1035 381 1094 Prima:
396 1038 544 1112 peregrini,
559 1039 674 1094 adrenae
688 1050 717 1094 et
730 1038 792 1113 vagi
808 1038 965 1112 obligantur·
979 1036 1099 1112 legibus

159 1117 361 1195 personalibus,
389 1118 558 1194 ubicumque
587 1118 728 1176 existant:
749 1119 820 1175 ratio
848 1133 900 1185 est,
924 1119 991 1193 quia
1014 1120 1099 1192 leges

158 1199 319 1276 personales
343 1199 474 1276 primarib
495 1201 648 1276 respiciunt
676 1219 808 1276 personas
831 1199 1059 1275 independenter
1081 1197 1099 1256 d

159 1281 243 1340 loco:
264 1281 355 1338 etita
379 1282 567 1340 Beueficietus
594 1281 622 1340 S.
653 1281 789 1338 Rumoldi
817 1280 981 1339 Mecbliniae
1006 1281 1099 1339 causi

158 1361 356 1420 ambulationis
370 1363 493 1421 existens
503 1363 678 1439 Antuerpias,
691 1363 821 1422 dabatibi
834 1363 926 1419 Horas
937 1363 1099 1422 Canonicas

157 1444 276 1503 recitare
285 1443 368 1520 juxta
381 1445 573 1521 prescriptum
591 1443 726 1502 Ecclesia
741 1442 962 1502 Mechliuieusis.

161 1551 164 1558 ·
202 1525 270 1582 Vll.
299 1523 447 1584 Secunda:
474 1525 622 1602 peregrini,
651 1526 766 1583 advenae
801 1538 831 1583 et
852 1525 914 1602 vagi
935 1525 1100 1601 obligantur

161 1605 272 1683 legibus
295 1606 430 1664 localibus
453 1607 534 1664 istius
559 1607 614 1664 loci
638 1607 667 1664 in
689 1627 746 1682 quo
769 1619 843 1674 suut,
868 1621 917 1664 aut
938 1625 1099 1684 perquem

160 1699 315 1757 transeunt,
338 1689 423 1746 modb
450 1688 527 1764 leges
551 1688 608 1746 illa
633 1689 717 1746 statui
744 1688 866 1757 illorum,
887 1689 1044 1746 conditioni
1066 1707 1114 1745 act

163 1769 302 1828 mansioni
316 1771 501 1828 conveniant:
515 1771 586 1828 ratio
597 1783 649 1838 est,
663 1771 738 1846 qubd
753 1770 830 1846 leges
844 1769 949 1828 locales
961 1769 1100 1847 primarib

163 1850 317 1927 respiciunt
335 1850 438 1920 locum,
453 1863 483 1908 et
496 1851 661 1909 secundario
674 1852 784 1910 tantirm
798 1871 948 1928 personas:
961 1852 1003 1909 sic
1026 1852 1101 1909 civis

163 1932 388 2009 Autuerpieusis‚
400 1933 487 2008 quiin
499 1932 583 1990 Festo
595 1932 624 1992 S.
637 1931 772 1991 Rumoldi
786 1945 910 1990 moratur
920 1932 1101 2003 Mechliuiae,

162 2024 276 2072 tenetur
289 2013 328 2071 ibi
342 2014 438 2072 audire
452 2014 572 2072 Missam
588 2026 617 2072 et
631 2014 769 2072 abstinere
782 2015 818 2072 ab
833 2034 921 2090 opera
931 2014 1038 2072 servili.
1114 2018 1115 2078 ζ

204 2095 289 2153 VIII.
304 2095 417 2154 Tertia:
441 2095 588 2172 peregrini,
603 2097 718 2155 advenae
743 2108 772 2154 et
795 2097 858 2172 vagi
885 2115 942 2152 nou
965 2107 1102 2152 tenentur

164 2176 331 2254 regulariter
351 2177 461 2254 legibus
487 2177 591 2254 proprii
618 2177 759 2246 territorii,
785 2176 803 2235 ὲ
827 2197 884 2253 quo
908 2177 1018 2246 absunt,
1045 2177 1102 2232 nisi

164 2259 257 2317 absint
270 2259 299 2315 in
314 2259 440 2317 fraudem
454 2258 533 2336 legis,
548 2272 597 2316 aut
610 2259 664 2316 nisi
679 2259 755 2336 leges
769 2259 831 2316 illas
844 2259 873 2315 in
888 2258 1002 2336 proprio
1015 2257 1101 2315 terri·

165 2340 239 2399 torio
253 2340 407 2416 transgredi
421 2353 595 2398 censeantur.

160 2455 163 2468 ·
208 2414 359 2498 Colligitur
372 2419 434 2480 haec
446 2421 544 2498 regulo
557 2442 592 2478 ex
606 2440 667 2497 cap.
677 2421 727 2481 Ur
741 2423 928 2480 Aurusauu
944 2426 962 2454 “
973 2421 1011 2478 de
1023 2419 1101 2479 Cou-

167 2506 185 2537 “
199 2503 408 2562 stitutionibus”
422 2504 452 2560 in
466 2505 494 2560 6.
508 2503 576 2560 item
590 2523 626 2560 ex
642 2504 671 2560 S.
694 2503 854 2570 Ambrosio,
880 2503 928 2578 qui
951 2502 1101 2562 consultus

166 2581 184 2642 d
200 2583 230 2644 S.
242 2585 413 2660 Augustino,
427 2605 462 2642 an
476 2584 633 2642 Mediolani
646 2584 744 2642 liceret
758 2603 812 2642 non
823 2582 950 2660 jejunare
966 2583 1100 2650 Sabba'to,

158 2665 327 2741 respoudit:
363 2667 426 2724 cim
456 2667 577 2723 Romam
604 2666 696 2732 renio,
720 2663 818 2742 jejuno
855 2666 997 2724 Sabbato:
1031 2664 1100 2722 crim

168 2745 326 2806 Mediolani
340 2766 411 2816 sum,
426 2767 481 2804 nou
490 2747 608 2824 jejuno:
630 2747 671 2804 sic
685 2747 768 2805 etiam
793 2761 834 2816 tu,
857 2747 893 2804 ad
917 2765 1001 2822 quam
1025 2747 1101 2802 sorte

167 2827 325 2888 Ecclesiam
348 2829 464 2898 veneris,
489 2847 596 2886 morem
620 2829 695 2885 illius
719 2847 808 2886 sarva.
850 2828 929 2887 Hine
949 2847 1101 2910 commuue

165 2909 361 2990 proverbium:
374 2963 378 2974 ,

148 3021 154 3028 ·
209 2997 228 3025 “
243 2991 315 3050 eum
330 2991 414 3048 fueris
429 2991 538 3059 Roma,
555 2991 685 3048 Romano
700 2989 785 3047 vivito
798 2989 901 3072 morel.n

186 3086 188 3094 '
208 3078 227 3108 “
241 3073 314 3132 Crirn
329 3073 415 3130 fueris
429 3072 504 3140 alibi,
519 3072 605 3128 vivito
619 3072 692 3129 sicut
711 3071 775 3128 ibi.”
855 3125 861 3132 .

208 3153 263 3212 IX.
278 3153 396 3212 Dictum
412 3166 474 3211 est:
496 3161 514 3187 “
526 3147 590 3210 Nisi
604 3154 696 3210 absint
709 3154 737 3208 in
759 3153 884 3210 fraudem
905 3152 976 3229 legis
988 3152 1014 3210 :'’
1034 3153 1102 3228 quia

95 3282 98 3292 .
167 3235 239 3295 tales
252 3249 366 3294 manent
380 3237 443 3312 lege
457 3235 585 3292 obstricti
602 3233 685 3311 juxta
709 3235 835 3292 axioma:
857 3234 999 3294 “Nemini
1023 3235 1100 3291 fraus

157 3310 186 3353 '“
201 3336 253 3376 sua
267 3319 351 3376 debet
364 3317 530 3394 patrocinari
542 3317 565 3374 :’'
586 3335 677 3391 neque
692 3314 775 3373 hodie
789 3317 830 3373 las
844 3328 887 3374 est
900 3317 935 3374 ab
959 3313 1012 3373 hac
1036 3335 1101 3372 sen·

167 3400 257 3458 tentia
283 3401 423 3469 recedere,
451 3411 484 3456 ut
511 3399 550 3456 ait
578 3397 750 3456 Benedictus
778 3397 858 3455 XIV.
888 3399 953 3456 “de
983 3397 1100 3478 syuodo

168 3485 187 3518 ‘⁸
202 3479 342 3538 Dioeces.'’

208 3557 246 3614 X.
270 3559 388 3616 Dictum
415 3572 458 3618 est
486 3560 588 3618 etiam:
621 3559 714 3617 “Nisi
736 3559 812 3636 leges
839 3559 902 3617 illas
928 3559 958 3616 iu
984 3560 1100 3636 proprio

169 3643 186 3675 “
200 3637 340 3696 territorio
354 3642 507 3716 transgredi
522 3654 688 3699 censeantur
698 3640 722 3709 ;''
744 3642 817 3716 quia,
831 3641 898 3698 licet
919 3660 1039 3718 persona
1065 3641 1102 3697 sit

168 3730 248 3778 extra
261 3719 441 3789 territorium,
467 3723 550 3779 modb
574 3735 668 3779 tamen
682 3743 735 3790 res,
760 3723 834 3780 circa
857 3741 941 3797 quam
966 3722 1040 3780 actio
1055 3723 1101 3778 vel

168 3797 283 3858 omissio
297 3812 431 3868 versatur,
445 3801 482 3859 sit
496 3803 568 3860 intra
581 3803 761 3873 territorium,
776 3816 907 3878 censetur
920 3804 1056 3862 delictum
1072 3804 1100 3859 iu

178 3879 281 3960 proprio
313 3880 453 3942 territorio
487 3885 693 3955 consummari;
726 3887 851 3962 adeoque
886 3899 955 3944 tuuc
987 3896 1101 3944 tenetur
