2216 4056
148 89 205 146 178
515 95 708 141 ruscianos

145 262 240 310 acturo
253 249 395 306 internum
407 243 581 304 inefficacem
595 263 645 301 seii
659 239 881 300 conditionatum
897 235 978 293 circa
993 215 1100 344 actarii

146 345 304 398 externum,
317 350 343 387 v.
358 350 387 405 g.
399 347 545 405 peccarem
558 326 583 383 si
596 344 654 382 non
667 333 742 380 esset
754 321 889 377 infernus.
1099 359 1100 366 ,

188 413 222 470 ln
235 412 359 470 secunda
371 422 450 488 porte
471 415 549 466 “cor
563 395 683 472 autem,’'
698 403 750 460 iiic.
771 398 942 474 intelligitur
967 394 1100 540 affectup

147 494 264 552 actualis
277 493 322 550 rel
336 491 461 550 virtualis
475 489 595 566 peccati,
608 499 641 544 ut
654 497 733 562 patet
755 503 791 540 ex
814 478 1023 558 propositione
1052 477 1094 532 62

148 577 177 632 in
192 595 247 651 qna
260 575 371 645 dicitnr,
386 573 462 650 qudd
475 572 533 641 ille,
547 570 597 646 qui
610 569 672 626 solo
684 567 786 624 timine
806 581 899 639 poenae
924 559 1068 617 abstinet
1088 545 1100 692 p

148 668 273 734 peccato,
286 657 358 714 illud
371 656 401 712 in
415 654 499 712 corde
512 651 680 710 committat.
720 646 828 704 vii-tm
852 643 990 700 voluntas
1020 653 1092 696 ante

149 739 252 796 sedens
265 738 375 795 nullum
387 737 519 812 importat
532 732 642 791 actuale
655 740 812 807 peccatum,
832 725 896 783 cim
910 693 1100 800 supponatui

149 819 307 882 habitualis.
1099 811 1100 830 ¹

326 977 364 1037 N.
384 981 450 1036 ror.
490 977 549 1040 DE
568 969 909 1046 DESPERATIONE.

410 1140 444 1200 S·
464 1139 564 1199 mem.
578 1141 607 1196 2.
621 1103 651 1196 a
663 1145 763 1216 qma
778 1136 827 1191 eo.

1099 939 1100 1004 l

153 1307 178 1366 I.
206 1305 358 1382 Vitiospei'
370 1306 508 1384 opposito.
549 1303 589 1360 IL
608 1297 791 1376 Desperatio,
832 1294 888 1353 ΙΙΙ.
909 1291 1027 1350 Potest
1049 1275 1100 1348 essi

193 1387 256 1447 ets
269 1387 445 1464 seraitae.
478 1385 530 1443 iv.
545 1381 763 1459 Desperationie
774 1378 916 1454 paveas.
964 1375 1007 1431 v.
1023 1349 1100 1450 Ethi

193 1471 284 1545 oriqo.
324 1469 377 1527 Vl.
398 1468 534 1527 Remedia
547 1474 649 1524 watra
662 1463 896 1540 desperatimem.

195 1631 392 1695 QUAENAM
405 1629 553 1688 saniem
565 1627 626 1705 spei
640 1624 792 1704 oppositae
1099 1605 1100 1698 l

195 1713 220 1770 I.
241 1711 278 1770 R.
299 1711 494 1788 Principaliter
517 1721 547 1768 et
571 1711 677 1766 directe
701 1706 763 1764 hiec
787 1705 855 1771 duo,
879 1699 1055 1777 desperatio
1077 1701 1100 1784 el

155 1793 357 1871 presumptio:
386 1793 462 1870 prior
488 1791 640 1870 opponitur
666 1809 717 1866 per
744 1787 898 1854 delectum,
926 1783 1029 1840 altera
1057 1785 1100 1864 pei

158 1893 315 1934 excessum.
1058 1865 1062 1870 ’
1099 1871 1100 1948 l

197 1957 275 2021 Quid
289 1967 332 2014 est
345 1955 524 2032 desperatio?
1099 1949 1100 2004 l

198 2039 239 2095 II.
260 2038 298 2095 R.
311 2038 365 2094 Est
379 2038 534 2094 diffidentia
546 2033 713 2111 assequendi
722 2027 927 2089 beatitudinem
943 2025 994 2083 vel
1011 2021 1100 2164 merli]

159 2119 194 2176 ad
207 2119 302 2176 illam:
324 2119 409 2195 igitur
423 2119 581 2199 desperatio
594 2137 651 2173 non
664 2113 792 2174 consistit
806 2112 834 2168 in
848 2108 1010 2166 omissione
1026 2105 1089 2164 act*

159 2201 228 2275 spei,
241 2212 290 2256 aut
304 2200 332 2255 iii
346 2220 422 2257 mera
435 2221 492 2258 non
503 2198 717 2277 expectationez
732 2195 782 2252 sed
796 2193 825 2250 iii
837 2190 962 2267 quodam
979 2187 1089 2266 positir

160 2299 271 2338 recessu
285 2279 302 2337 ii
316 2281 487 2338 beatitudine
500 2282 546 2338 vel
560 2279 577 2338 t
590 2278 689 2336 mediis
711 2289 844 2350 tanquam
868 2290 933 2348 quae
960 2282 1035 2327 sunt
1061 2287 1077 2326 o

159 2372 241 2420 tento
255 2362 444 2438 impossibilia,
458 2363 503 2420 rel
517 2361 600 2418 nimis
614 2357 746 2426 difficilia,
760 2357 806 2414 vel
820 2373 877 2412 non
891 2354 999 2409 futura.
1099 2367 1100 2402 l

202 2443 322 2518 Collige,
337 2444 421 2518 quiid,
437 2445 510 2501 sicut
524 2463 597 2520 spes,
606 2442 646 2498 ita
660 2438 819 2516 desperatio
834 2433 967 2512 opposita
980 2425 1100 2494 resideai

162 2524 265 2598 inipso
279 2525 422 2582 voluntate
432 2549 440 2591 ;
452 2524 524 2583 adeo
538 2536 570 2582 nt
584 2521 621 2581 sit
635 2523 764 2598 quiedam
778 2518 879 2576 nolitio
894 2495 1100 2592 prosecutiooil

162 2604 352 2661 beatitudinis.
395 2605 473 2664 Hinc
482 2606 630 2682 judicium,
646 2623 702 2680 qiio
716 2601 778 2677 quis
792 2612 883 2676 putat,
903 2616 934 2654 se
949 2595 968 2652 t
982 2595 1094 2652 beatitu

163 2683 229 2740 dine
243 2685 458 2756 excludendum,
472 2707 527 2744 nori
543 2699 586 2745 est
598 2685 710 2762 proprie
724 2680 893 2758 desperatio,
908 2677 963 2736 etsi
978 2677 1019 2734 sit
1043 2675 1088 2750 qui

163 2765 297 2842 praevium
311 2779 341 2823 et
354 2767 489 2825 inducens
503 2769 538 2825 ad
552 2765 784 2843 desperationem.
826 2761 899 2828 Iino,
913 2770 947 2816 ut
973 2747 1100 2828 obserril

164 2846 301 2916 Herincx,
326 2867 390 2905 cum
411 2850 462 2906 tali
481 2848 598 2924 judicio,
623 2847 723 2904 saltem
747 2864 805 2900 nori
829 2842 914 2919 plane
938 2841 1036 2902 firmo,
1061 2831 1100 2912 scil

165 2927 355 2997 formidoloso,
369 2940 463 3006 potest
476 2929 628 2986 consistere
641 2939 721 2984 actus
740 2925 810 3002 spei,
836 2943 893 2999 quo
916 2921 981 2996 quis
1003 2919 1100 3000 ”llll‘l

166 3007 257 3064 miuus
271 3009 339 3066 velit
352 3010 388 3066 ad
402 3010 602 3067 beatitudinem
612 3009 797 3075 contendere,
810 3006 837 3062 si
851 3006 926 3062 forte
945 3002 984 3060 sit
998 2999 1100 3058 miseri

167 3089 269 3146 cordiae
283 3089 371 3147 locus.
1099 3099 1100 3126 ³

208 3171 256 3226 Ari
271 3170 420 3247 desperans
434 3191 544 3246 semper
557 3169 660 3226 amittit
673 3170 769 3237 fidem,
784 3169 860 3237 cirin,
876 3167 972 3225 dicere
986 3164 1100 3222 beotitii

168 3249 262 3306 dinem
275 3271 336 3309 esse
349 3252 558 3328 impossibilem,
580 3250 743 3308 liaereticum
759 3250 816 3308 sit?
1099 3247 1100 3250 ’

209 3329 265 3386 ΙΙΙ.
286 3331 324 3388 R.
345 3334 428 3390 Com.
454 3332 482 3391 S.
499 3331 601 3388 lhom.
622 3343 674 3388 art.
700 3333 728 3388 2.
751 3329 900 3406 negative:
923 3328 992 3402 quia
1015 3333 1100 3404 potest

170 3410 348 3501 qnisujii'dicio
361 3413 510 3471 universali
524 3413 695 3488 speculativis
705 3411 832 3487 judicare
847 3410 876 3466 in
893 3408 1029 3466 Ecclesia
1051 3423 1100 3478 essi

170 3506 359 3547 remissionem
372 3506 552 3568 peccatorum
575 3513 608 3551 oo
632 3493 835 3550 beatitudinem
861 3500 1009 3556 aeteriiam,
1036 3481 1100 3563 quoi

171 3567 206 3624 ad
221 3565 304 3624 fidem
318 3574 447 3646 pertinet,
463 3575 515 3632 etsi
529 3585 602 3631 erret
611 3573 722 3650 judicio
733 3573 896 3650 particulari
906 3570 1045 3648 practico,
1057 3581 1100 3643 qut

171 3645 361 3741 appreliepdit,
377 3655 453 3726 qudil
468 3656 548 3713 Deris
562 3674 619 3710 non
633 3655 669 3711 sit
683 3656 777 3731 ipsum
791 3655 952 3712 salvaturus
964 3673 973 3710 r
997 3671 1031 3708 ac
1047 3651 1100 3706 idei

172 3739 279 3820 nonsit
292 3731 345 3804 ipsi
358 3737 533 3806 sperandum.
576 3735 665 3802 Sicut,
687 3748 720 3794 ut
745 3735 815 3793 dicit
831 3735 860 3792 S.
876 3733 982 3792 Thom.
1004 3733 1100 3806 eligerit

173 3806 382 3894 fornicationem
407 3827 479 3872 errat
506 3816 535 3872 iri
554 3813 663 3891 judicio
691 3807 853 3894 particulari
879 3815 1015 3892 practico,
1047 3809 1100 3868 ciiii
