2222 4078
193 150 253 208 ete
565 153 764 214 ‘rinoceros

233 313 288 372 111.
307 289 350 382 'rc
376 314 423 373 oe
447 314 550 372 armna
563 315 609 373 ιρι
633 327 734 386 aanor,
749 315 886 392 quemn
902 314 1099 392 impotentia

190 396 346 454 necessitas·
357 409 473 454 exctnat
486 395 504 454 a
517 397 628 455 formali
642 398 713 474 legis
734 397 963 473 transgressione,
973 397 1051 474 juxta
1062 398 1097 456 b!

189 477 350 535 ¹uniornuta:
373 484 391 512 ‘⁸
403 479 442 536 od
455 479 626 556 impossibile
637 497 721 537 nemo
735 491 866 546 tenetur3
888 491 926 546 et,
950 485 968 512 “
978 479 1084 538 necess‘
1097 502 1099 525 ¹

190 578 248 616 non
272 557 357 617 habet
379 560 500 636 legem.”
542 562 587 619 Ita
606 562 732 618 infirmus
752 561 879 618 excusari
894 572 989 636 potest
1002 563 1035 619 ab
1047 559 1093 618 audi

189 639 268 698 'tione
284 641 384 699 Misere
398 643 443 700 die
457 643 539 711 festo,
554 655 583 700 et
595 643 642 700 lur
655 652 673 710 ci
686 643 873 700 restitutione.

232 722 285 780 IV.
300 723 361 781 Imt
376 725 503 799 quaedam
519 724 596 800 leges
610 725 747 802 positivae‚
770 723 910 799 quatenus
933 735 1001 782 sunt
1020 735 1061 781 tan
1082 750 1086 773 r

190 805 386 883 praecipientes
401 817 450 862 aut
463 805 652 882 prohibentes,
667 825 724 864 non
746 811 765 841 “
773 803 944 874 irritantes,’'
958 807 995 863 ob
1007 805 1073 862 mino
1086 834 1097 855 ψ,

191 903 289 944 causas
303 899 421 955 cessant,
438 907 463 944 v.
477 907 504 963 g.
519 889 561 944 ob·
576 887 823 946 extraordinariam
845 893 1033 964 magnumque
1051 888 1089 942 nt·

192 968 325 1026 cultatem
341 968 513 1044 adimplendi
528 969 628 1046 legem,
644 971 680 1028 ob
695 971 827 1027 damnum
850 969 896 1026 vel
917 969 1064 1026 incommo
1075 996 1078 1015 ·
1088 998 1096 1017 υ

190 1049 314 1106 notabile
328 1050 356 1106 in
373 1051 446 1108 fama
460 1051 603 1108 autbonis
617 1051 766 1109 imminens
780 1071 817 1108 ex
830 1050 1025 1109 observatione
1043 1050 1092 1119 1’“;Χ

191 1131 230 1188 eb
242 1131 398 1208 periculum
414 1133 520 1200 mortis,
536 1134 634 1200 morbi,
650 1135 701 1190 uc.
742 1133 816 1190 Vide
832 1131 921 1189 Num.
937 1131 988 1189 45.

233 1215 282 1270 Art
297 1226 395 1290 peccat
408 1213 466 1282 ille,
481 1215 530 1290 qui
549 1233 579 1272 se
594 1215 750 1272 voluntarie
764 1213 858 1271 reddit
872 1213 1059 1290 impotentem,
1070 1231 1095 1268 ve

191 1295 272 1370 ponit
285 1307 333 1352 aut
348 1315 403 1351 non
417 1295 492 1352 tollit
507 1295 738 1372 impedimentum
752 1295 926 1372 adimplendi
941 1295 1049 1370 legem?

234 1377 270 1434 R.
295 1377 523 1452 Distinguendo:
545 1377 568 1435 ri
592 1379 663 1434 illud
691 1377 775 1435 iaciat
795 1396 831 1434 ex
854 1375 932 1453 justa
957 1393 1043 1444 causa,
1060 1393 1095 1430 no

189 1467 306 1534 peccat:
320 1459 361 1517 sie
374 1469 468 1534 potest
482 1459 543 1534 quis
558 1459 634 1517 licite
649 1479 684 1516 ex
694 1457 772 1535 justa
785 1477 870 1516 causa
883 1458 1000 1534 aggredi
1013 1458 1086 1532 iterp

191 1557 276 1608 mure,
291 1541 340 1597 ubi
353 1559 411 1597 non
425 1540 478 1598 crit
492 1542 602 1598 occasio
616 1541 749 1598 audiendi
764 1540 882 1598 Missam
898 1541 946 1596 die
961 1539 1046 1598 Festo.

234 1620 265 1679 si
278 1635 371 1678 autern
388 1621 458 1678 illud
473 1623 558 1680 faciat
572 1623 632 1680 sine
642 1621 720 1699 justa
734 1642 826 1689 causa,
840 1632 942 1697 peccat
954 1645 963 1688 ;
982 1631 1012 1677 ot
1025 1619 1044 1676 si
1056 1617 1095 1693 qu'

191 1701 371 1778 dilapidando
384 1703 531 1779 pecuniam
547 1723 576 1762 se
590 1705 690 1762 reddat
715 1703 900 1780 impotentem
924 1703 962 1760 ad
975 1702 1088 1760 restituet

192 1783 418 1852 dum-solvenda
431 1785 543 1854 tributa,
559 1787 610 1844 &a
623 1786 728 1862 pariter
741 1797 859 1862 peccant
880 1779 1092 1842 excommunioni

192 1865 241 1940 qui
254 1886 312 1943 praa
337 1866 508 1944 negligentia
532 1867 585 1924 sibi
610 1888 666 1926 non
687 1878 837 1944 procurant
860 1865 1056 1926 absolutionem
1079 1874 1099 1911 „l

131 1981 132 1984 =
193 1949 319 2018 Sacrum,
344 1969 371 2006 v.
385 1969 412 2025 g.
436 1948 607 2006 audiendum
630 1949 729 2006 dicbus
744 1947 835 2005 Fastis
860 1960 889 2006 et
905 1946 1062 2010 Dominicis,
1078 1968 1093 1991 τ·

189 2030 454 2088 communicandum
479 2029 508 2086 in
534 2026 679 2098 Paschae,
703 2029 754 2088 &o
787 2027 872 2087 Ratio
896 2039 950 2094 est,
979 2027 1046 2104 qubd
1066 2025 1099 2080 lo

190 2109 304 2186 obligat·
312 2112 441 2170 etiamad
454 2112 546 2169 media
560 2110 873 2180 ordinariaadbibenda,
885 2122 915 2168 et
925 2109 1089 2187 impedimen

192 2193 348 2250 voluntaria
361 2193 538 2251 removenda.

194 2314 232 2372 N.
246 2317 295 2372 78.
337 2313 793 2454 AN‚CESSATl:l)T1lixPIdFlli)'KP}i
814 2313 949 2383 LEGIS,
972 2303 1098 2374 csssstt

234 2518 348 2576 RESP.
376 2517 603 2594 Distinguenrlo:
624 2519 648 2575 si
675 2539 720 2577 res
747 2529 890 2595 praeoeptu
917 2517 955 2574 sit
981 2511 1097 2573 moraliter

145 2635 150 2640 -
192 2600 344 2668 individua,
359 2613 485 2658 cessante
500 2611 581 2676 parte·
593 2601 674 2676 legis,
698 2614 788 2659 cessat
811 2613 872 2658 tota
893 2600 960 2657 lex:
980 2612 1053 2674 atque
1070 2593 1097 2649 iu

192 2682 240 2758 qui
262 2682 371 2759 integre
394 2699 449 2738 non
472 2693 565 2758 potest
587 2684 722 2752 confiteri,
745 2695 825 2741 extre
847 2681 1037 2740 necessitatem
1055 2691 1095 2732 uon

193 2765 277 2822 debet
292 2763 417 2820 confiteri
431 2777 549 2839 partem.

235 2844 266 2904 si
282 2846 346 2902 verb
360 2865 404 2901 res
418 2857 559 2922 praeeepta
582 2845 619 2902 sit
643 2841 799 2911 divisibilis,
821 2857 949 2901 cessante
970 2861 1022 2900 une
1038 2847 1095 2916 pult

192 2928 271 3004 legis,
286 2947 341 2983 non
357 2927 421 2983 ideo
436 2927 555 2984 cessabit
569 2937 629 2983 tota
642 2922 707 2982 lex:
722 2926 771 2994 sic,
783 2925 850 2982 lieet
864 2925 910 2981 lex
921 2923 1019 3002 jejunii
1028 2927 1095 2979 oesttl

192 3011 285 3084 quoad
309 3029 369 3066 eam
385 3020 501 3084 portem,
524 3004 578 3082 qui
602 3005 731 3083 probibet
754 3007 848 3082 plures
869 3007 1039 3070 refectiones,
1055 3017 1095 3056 nor

192 3091 257 3148 ideo
272 3089 391 3148 cessabit
406 3091 496 3163 quoad
512 3089 595 3146 eliam
609 3101 726 3164 partem,
741 3107 804 3163 quae
820 3099 896 3164 rotet
910 3105 989 3146 esum
1012 3081 1094 3143 caruis:

192 3173 321 3229 similiter
334 3171 381 3246 qui
395 3171 478 3228 debet
497 3172 562 3228 100.
587 3189 651 3245 quae
674 3171 783 3226 solvere
806 3187 861 3226 non
884 3181 987 3245 potest,
1010 3177 1095 3226 tenetur

191 3253 227 3312 a'd
242 3255 290 3320 20,
305 3253 328 3308 si
342 3252 447 3328 possit:
464 3259 480 3284 ‘¹
494 3251 571 3308 Hinc
585 3253 716 3308 damnata
729 3261 772 3309 est
785 3249 847 3308 heac
856 3250 1010 3328 propositio
1022 3245 1093 3332 ordint

191 3337 240 3392 54.
255 3337 289 3392 ab
305 3333 469 3391 Innocentio
485 3332 537 3390 Xl.
560 3333 646 3397 “Qui
667 3351 722 3390 non
747 3345 841 3410 potest
863 3333 981 3390 recitare
1002 3329 1092 3414 Manu·

190 3424 210 3450 “
224 3429 291 3472 num
308 3427 336 3471 et
353 3414 475 3481 Laudes,
497 3425 591 3490 potest
613 3425 706 3472 autern
733 3415 854 3490 reliquas
880 3412 971 3482 horus,
993 3412 1027 3470 ud
1045 3401 1092 3466 nihl

192 3499 210 3529 ‘⁴
227 3495 353 3562 tenetur·;
374 3496 440 3574 quia
454 3497 542 3572 major
555 3515 618 3571 pars
632 3495 718 3553 trahit
732 3497 767 3554 ad
781 3515 812 3554 se
834 3493 999 3554 minorem.'’

232 3576 384 3633 Axiomam
398 3577 465 3633 illa:
490 3576 612 3652 “Major
625 3595 689 3653 pars
703 3577 788 3636 trabit
799 3578 837 3634 ad
860 3595 890 3636 se
917 3577 1053 3638 minorem,
1069 3577 1093 3624 ‘l

190 3661 209 3691 “
218 3657 406 3713 accessorium
422 3657 552 3732 sequitur
561 3677 643 3714 soum
659 3657 839 3735 principale,”
853 3667 922 3716 tunc
936 3657 1040 3715 cantium
1050 3665 1094 3706 reu

189 3747 262 3811 sunt.
279 3737 345 3793 dum
361 3737 414 3794 ista
428 3751 493 3794 sunt
507 3738 579 3795 inter
593 3760 624 3796 se
638 3739 756 3798 indivise
771 3757 904 3808 connexa,
920 3753 950 3796 et
963 3737 1055 3796 eudem
1066 3739 1096 3787 Μ

189 3816 333 3890 uniusque
347 3817 436 3874 ratio:
457 3817 504 3875 bic
517 3831 611 3876 autern
626 3839 682 3880 non
697 3833 739 3881 est
751 3822 853 3882 eadem
869 3833 1015 3898 utriusque
1034 3813 1094 3876 utin

189 3914 279 3972 nequo
293 3896 410 3954 indivisa
426 3903 638 3960 connectuntur.
