2224 4050
361 114 404 156 on
418 113 625 157 vuarattune.
668 87 671 94 ’
918 103 958 162 23

46 264 109 344 prius
120 270 253 340 repugnat
276 259 338 338 ejus
352 259 575 329 omni-scientia,
599 258 738 337 posterius
760 260 877 324 infinite
888 263 961 344 ejus·

45 345 145 405 bonitati
158 356 188 402 et
201 341 378 418 perfectioni.

76 426 134 502 Obj.
147 415 262 484 Dicitur
285 426 314 482 3.
339 423 411 498 Req.
436 441 461 480 c.
475 423 524 479 22.
538 421 574 479 V.
588 423 637 479 23.
678 422 797 482 “Dedit
814 425 956 488 Dominus

45 507 186 586 “spiritum
212 504 353 564 mendacii
366 505 395 560 in
416 523 466 561 ore
484 503 609 562 omnium
630 503 869 582 Prophetarum?
891 529 959 588 ergo

41 601 121 667 potest
133 586 358 663 Deus-decipere
371 605 421 662 per
434 585 512 644 alios.

74 670 110 727 ΙΙ.
123 669 159 727 ll.
173 667 248 744 Ncg.
262 687 374 742 conseq.
388 665 501 724 Dicitur
514 667 590 724 euim
605 665 686 725 Dens
705 667 817 728 dedisse
830 671 960 750 spiritum

41 749 164 809 mendacii
174 749 203 806 in
215 769 265 808 ore
277 747 499 826 Prophetarum:
513 748 579 824 quia
589 749 617 806 in
628 769 738 825 poenam
752 753 959 826 pmcstlentium

40 843 203 910 peccatorum
216 830 345 908 permisit
359 849 407 888 eos
421 829 514 906 decipi
527 827 545 886 a
557 829 657 906 spiritu
672 832 821 901 mendacii;
834 835 878 892 rel
894 836 959 912 quia

39 915 188 975 inmensura
197 911 344 990 sapientire
349 911 427 988 justo
432 909 542 986 judicio
552 911 698 982 subtraxit,
710 912 754 970 vel
769 915 881 973 tandem
893 918 959 992 quia

39 996 95 1054 lecit
107 993 224 1070 aliquid,
239 994 324 1070 quod,
338 992 392 1052 etsi
405 1011 499 1050 veram
514 992 745 1069 significationem
759 992 888 1067 habebat,
902 999 958 1066 illis

39 1089 118 1135 tamen
131 1075 187 1133 fuit
200 1076 315 1134 oooasio
329 1073 447 1133 errandi.

69 1157 174 1217 Εοᾶοω
198 1157 286 1214 modo
309 1155 419 1233 explica
442 1154 513 1215 illud
538 1153 696 1213 Ezechielis
720 1175 781 1234 cap.
805 1159 852 1217 14.
872 1159 908 1218 V.
930 1163 958 1230 9.

39 1243 53 1272 “
62 1238 119 1314 Ego
132 1239 278 1296 Dominus
292 1237 391 1315 decepi
410 1235 579 1312 Prophetam
593 1237 672 1297 illum
685 1237 708 1305 ;”
721 1251 751 1296 et
764 1239 820 1298 Job
834 1259 894 1318 cap.
912 1243 958 1301 12.

37 1319 64 1378 V.
76 1321 122 1377 24.
164 1325 185 1364 tt
200 1320 260 1384 Qui
273 1321 403 1376 immutat
417 1337 466 1376 cor
480 1318 651 1395 Principum,
666 1332 695 1376 et
709 1320 814 1397 decipit
826 1321 916 1380 illos.’'

68 1401 147 1460 Circa
160 1401 316 1460 secundam
326 1399 515 1477 responsionis
525 1413 631 1476 partem
644 1401 795 1476 quantun
809 1422 843 1460 an
857 1405 958 1464 saltem

35 1495 150 1560 exparte
165 1481 290 1540 hominis
303 1482 393 1559 possit
411 1481 476 1540 fidei
491 1483 605 1539 subesse
620 1482 720 1540 falsum
732 1506 739 1552 ;
751 1483 810 1542 sire
823 1504 859 1543 an
873 1484 958 1544 homo

35 1565 114 1641 possit
123 1564 232 1622 elicere
246 1575 339 1622 aetum
354 1563 420 1621 fidei
434 1562 537 1620 diriore
548 1563 623 1620 circa
631 1561 772 1640 objectum
782 1585 838 1623 non
852 1568 959 1626 revela·

36 1659 91 1713 tom,
105 1647 185 1720 quod
200 1646 262 1720 ipsa
283 1645 436 1703 revelatum
450 1643 602 1713 existimat,
623 1665 674 1702 seu
688 1657 720 1702 ut
733 1645 781 1704 olii
795 1647 957 1724 loquuntur,

34 1748 61 1786 un
72 1726 184 1785 habitus
199 1727 267 1784 fidei
280 1727 369 1802 possit
382 1727 515 1784 inclinare
529 1727 564 1782 ad
578 1745 721 1784 assensum
736 1727 862 1788 falsum?

65 1808 116 1866 111.
131 1809 170 1866 R.
198 1807 264 1866 Nec
278 1808 319 1866 sic
343 1808 409 1865 fidei
432 1827 514 1884 posse
537 1808 651 1866 subesse
665 1809 784 1867 samm:
809 1810 958 1885 quianibil

32 1891 115 1948 subest
130 1889 244 1948 habitui
258 1889 342 1948 alicui
353 1890 397 1947 vel
411 1889 495 1956 actui,
509 1888 563 1944 nisi
577 1889 718 1948 mediante
731 1890 837 1950 ratione
849 1889 958 1951 formali

34 1971 139 2046 objecti;
163 1971 248 2046 atqui
269 1972 322 2028 snb
336 1971 425 2047 prima
447 1970 574 2038 veritate,
599 1989 663 2046 quae
684 1983 728 2029 est
741 1971 812 2031 ratio
834 1973 958 2032 formalis
1074 2039 1077 2047 q

32 2053 93 2121 fidei,
107 2053 225 2111 nullum
241 2065 334 2128 potest
347 2053 463 2110 subesse
474 2050 594 2110 falsum:
613 2071 688 2128 ergo,
703 2053 755 2112 &c-

63 2134 138 2192 Hinc
152 2135 180 2191 si
196 2134 260 2210 quis
274 2134 440 2191 assentietur
453 2131 564 2207 objecto
577 2132 657 2200 falso,
671 2135 746 2213 quod
760 2134 957 2206 inuincibiliter

32 2216 104 2272 credit
119 2235 188 2274 esse
203 2215 368 2284 revelatum,
390 2215 454 2273 talis
468 2214 558 2272 credit
582 2214 670 2272 solnm
686 2215 741 2273 fide
755 2213 885 2287 humani,
900 2237 957 2276 non

32 2293 121 2356 lirini.
677 2313 680 2320 ·

62 2378 123 2455 Obj.
147 2379 175 2436 Ι.
204 2378 333 2435 Virtutes
355 2377 474 2434 morales
497 2387 615 2453 possunt
635 2375 768 2436 inclinare
792 2377 822 2435 in
835 2377 957 2437 falsator

31 2459 61 2516 sic
73 2481 96 2517 r.
109 2479 139 2536 g.
149 2458 270 2537 justitia
282 2471 377 2536 potest
390 2459 522 2516 inclinare
541 2459 576 2516 ad
590 2458 752 2516 solvendum
768 2457 803 2528 el
828 2459 875 2518 cui
887 2459 958 2518 nihil

32 2542 135 2602 debetur
147 2563 156 2600 r
173 2560 247 2616 ergo
261 2541 345 2598 etiam
361 2541 430 2597 fides
444 2551 538 2616 potest
551 2539 684 2597 inclinare
698 2539 727 2596 in
741 2541 849 2598 salsum.
889 2561 891 2568 ¹

61 2623 94 2680 R.
108 2622 259 2698 Negaudo
273 2641 386 2696 conseq.
410 2621 555 2696 disparitas
570 2632 621 2690 est,
646 2621 722 2696 qubd
736 2621 853 2681 virtutes
867 2641 958 2693 mora7

31 2704 61 2760 les
72 2704 147 2762 circa
161 2705 274 2761 bonum
288 2702 436 2760 honestum
452 2715 613 2762 versentur:
637 2701 753 2774 virtutes
767 2715 861 2762 autem
875 2705 958 2763 intel-

32 2785 153 2844 lectuales
169 2785 266 2860 qualis
280 2796 323 2842 est
336 2785 416 2853 fides,
433 2796 576 2840 versantur
589 2783 760 2860 speculative
774 2784 849 2842 circa
861 2805 958 2843 verum

30 2865 106 2927 brat
123 2864 192 2943 jam
210 2867 277 2924 vero
292 2867 374 2923 datur
388 2865 568 2924 materialiter
579 2864 693 2932 malum,
712 2866 787 2940 quod
800 2877 844 2924 est
857 2866 958 2924 iorrna-

31 2947 80 3005 liter
103 2950 219 3014 bonum
238 2965 269 3005 et
292 2946 449 3015 honestum,
472 2965 531 3004 non
556 2961 649 3006 autem
674 2947 755 3004 datur
778 2947 959 3006 materialiter

30 3029 124 3099 ultum,
149 3029 234 3106 quod
249 3028 403 3096 formaliter
416 3039 460 3088 est
480 3027 652 3110 speculative
666 3047 717 3107 seu
731 3028 959 3088 intellectualiter

30 3129 119 3168 rerum.

58 3192 203 3250 instabist
220 3191 318 3249 Virtus
332 3189 540 3268 prudentiaeest
553 3189 641 3248 virtus
651 3189 866 3249 intellectualist
880 3193 958 3268 atqui

29 3271 76 3332 lac
95 3286 201 3351 potest
225 3272 361 3331 inclinare
385 3273 415 3348 io
438 3271 548 3328 falsum.
590 3271 727 3330 Probatur
744 3272 957 3350 subsumptumr

31 3356 168 3428 prudentia
194 3355 286 3415 dictat
306 3352 425 3416 hostiam
443 3352 599 3429 expositam
621 3373 682 3410 esse
695 3353 872 3424 odorandum,
895 3375 959 3430 quta

31 3435 227 3496 nnncibiliter
241 3435 418 3494 existimatur
431 3453 492 3492 esse
506 3447 682 3492 consecrata:
697 3454 772 3510 ergo,
787 3435 840 3498 irc.

58 3519 91 3576 R.
106 3519 260 3594 Negando
282 3535 397 3592 conseq.
425 3515 582 3592 Disperitas
596 3527 647 3582 est,
673 3517 748 3590 quod
762 3517 959 3592 prudentiasit

32 3598 101 3660 artus
115 3600 262 3678 practica,
275 3611 305 3656 et
318 3597 367 3656 illa
376 3617 527 3673 numquam
539 3595 653 3654 inclinet
664 3596 693 3654 in
707 3597 807 3654 falsum
821 3598 958 3673 practices

30 3682 130 3753 proinde
157 3681 232 3740 dum
258 3681 288 3736 in
302 3699 369 3738 casu
392 3679 483 3756 posito
507 3676 656 3756 pnrdentia
674 3677 762 3736 dictat
782 3675 828 3736 bia
841 3690 870 3736 et
883 3698 959 3739 nunc

32 3759 85 3822 bno
107 3762 241 3824 hominm
268 3771 331 3838 esse
355 3761 533 3838 adorandam,
562 3757 616 3826 hoc
639 3758 780 3831 dictamen
804 3759 958 3836 practicam

33 3860 108 3906 vuum
123 3855 176 3906 cst
192 3843 376 3904 maurialiter
390 3854 419 3904 et
432 3841 594 3913 formaliter,
609 3841 753 3919 supposito
765 3859 856 3902 errore
870 3839 958 3910 mun.

1062 3397 1095 3536 l

1072 3871 1095 4016 l
