2248 4070
383 113 426 154 nx
446 97 592 155 anniane.
618 171 627 200 ,
652 127 654 130 ·
898 99 959 158 erl
1019 87 1022 94 ’

71 261 132 320 Puri
146 259 230 317 modo
241 255 391 335 judicabis,
406 257 431 315 si
444 258 573 336 superior
592 256 692 334 jubeat
709 257 820 320 recitari
834 259 961 320 Litanias

33 346 198 404 Lauretanas
213 361 249 399 ex
263 340 373 400 formali
388 340 494 397 mutire
501 340 645 416 religionis
659 355 689 399 et
703 343 787 400 simul
801 361 837 400 ex
851 343 962 401 turmali

34 426 131 484 morire
145 423 255 480 rimatis
269 422 451 500 paenitentiae,
465 421 590 480 seilicet·
603 437 778 502 praeceptum
803 424 875 482 illud
899 436 961 482 ess'e

33 505 180 564 virtualiter
207 505 322 580 duplex,
352 515 382 561 et
404 503 522 580 proinde
546 505 768 563 observationem
792 507 871 564 antire
893 524 962 582 ,esse

32 587 143 664 duplicis
156 585 471 656 rimatio-omissionem
486 587 553 643 verd
567 585 672 662 duplex
687 588 782 664 speeie
802 599 961 664 peceatum,

69 669 97 727 Si
110 669 177 726 vend
191 669 265 726 idem
276 667 391 745 juberet
405 687 441 724 ex
455 667 516 724 solo
530 668 641 724 formali
656 669 763 727 motivo
775 669 957 746 penitentie,

31 752 78 809 erit
91 750 206 808 unicum
220 761 393 826 praeceptum
408 763 437 806 et
450 749 565 806 omissio
573 751 690 807 tantirm‘
701 769 788 808 unum
810 763 958 828 peceatum

31 843 119 891 eontra
132 831 265 889 virtutem
280 831 461 908 punitentiae.
487 859 491 868 ·
937 846 943 862 ⁰

67 913 166 990 Neque
191 914 292 982 obstat,
314 913 389 989 quod
406 913 543 970 ‘recitatio
566 911 741 970 Litaniurnm
766 914 868 972 debeat
896 918 958 972 ess'e

31 1009 101 1054 aetus
122 995 276 1072 religionis,
297 1007 330 1052 ut
354 994 471 1052 satisfiat
494 1008 637 1071 praeeepto
662 1015 701 1052 en
722 995 828 1052 motivo
848 996 959 1053 formali
995 981 1001 1002 ⁸

31 1077 196 1154 penitentiae
210 1076 284 1145 leto;
305 1077 431 1151 adeoque
445 1076 574 1132 videatur
587 1089 764 1154 praeceptum
775 1095 837 1134 esse
854 1077 959 1135 virtua-

31 1160 88 1216 liter
107 1159 225 1235 duplex,
253 1171 283 1216 et
309 1158 436 1216 omissio·
451 1157 557 1234 duplex
584 1169 753 1235 peceatum:
773 1159 960 1236 respondetur

31 1241 105 1308 enim,
125 1241 213 1316 qnod,
224 1238 300 1298 edm
314 1239 444 1298 recitatio
456 1259 491 1297 ex
506 1239 613 1296 motivo
626 1240 769 1315 religionis
782 1259 839 1298 non
859 1241 958 1318 prreoi-

30 1322 122 1399 piatur,
136 1335 229 1394 aetus,
245 1323 381 1398 quatenus
395 1333 438 1379 est
452 1321 603 1397 religionis,
619 1341 649 1378 se
664 1321 765 1380 habeat
783 1323 819 1380 ad
833 1339 960 1401 praecep-

32 1417 83 1460 tam
97 1405 177 1460 mere
201 1404 390 1474 materialiter,
416 1415 449 1461 ut
473 1407 574 1480 purum
597 1403 721 1460 mediam
738 1403 899 1462 ordinabile
923 1406 959 1463 ad

27 1485 228 1562 penitentium.
939 1502 941 1511 ’

64 1567 200 1624 Fiualiter
214 1568 444 1635 alsemannum
458 1565 661 1623 observationis
675 1567 746 1642 legis
756 1578 805 1625 aut
815 1567 959 1644 praeoepti,

32 1667 61 1706 ex
74 1649 231 1706 intentione
246 1649 386 1724 operantis
400 1667 484 1724 posse
496 1646 600 1705 habere
622 1647 797 1706 honestatem
822 1649 959 1706 variamin

31 1732 177 1788 virtutum:
192 1731 233 1788 sic
247 1749 359 1787 servans
374 1729 464 1804 legem
476 1727 576 1806 jejunii
590 1741 685 1804 potest
700 1731 845 1788 intendere
860 1729 962 1790 horiet-

30 1825 108 1870 tutem
123 1813 238 1870 virtutis
252 1811 431 1878 obedientie,
446 1811 630 1887 penitentie,
646 1813 697 1868 &e

66 1893 88 1950 E
103 1911 243 1950 converso
256 1905 351 1970 potest
364 1893 426 1968 qaia
440 1893 470 1950 in
483 1893 713 1970 praeraricatione
728 1892 798 1970 legis
812 1893 960 1952 intendere
1013 1887 1015 1892 ’

30 1975 116 2051 plures
136 1975 269 2034 malitias.
940 1987 944 2004 ’

30 2138 124 2196 nra
150 2137 210 2196 us
225 2087 962 2240 eunnrmnunosmunuourenseia

31 2301 50 2358 Ι.
73 2299 223 2375 Obliyate'o
236 2309 327 2368 tanta,
338 2309 450 2378 quanto
458 2303 588 2369 materia,
623 2300 664 2358 11.
679 2299 847 2358 Praeertim
858 2302 890 2358 in
904 2298 962 2376 ley'e

65 2382 357 2440 aetemaetnaturult'.
379 2381 435 2439 111.
443 2380 495 2439 An
505 2381 550 2440 lau
560 2381 689 2440 helmana
694 2383 790 2458 possit
797 2383 829 2439 in
839 2385 962 2440 materia

62 2466 154 2538 pravi
167 2463 295 2539 oblipore
308 2463 360 2522 eud
375 2464 457 2522 leuis
482 2464 532 2521 lv,
548 2463 639 2521 Debet
653 2473 783 2522 constare
795 2464 831 2520 de
853 2463 962 2540 odlr'yd-

66 2548 142 2602 tione
157 2544 220 2603 leet.
262 2545 298 2602 V.
319 2547 479 2604 Promisere
492 2547 535 2602 rei
545 2548 648 2620 prauis
656 2553 749 2621 potent
762 2544 890 2620 obliqui-e
909 2545 963 2603 rub

65 2625 128 2684 leri.
173 2625 327 2684 valam
351 2629 445 2685 estin
469 2637 534 2684 voto
556 2642 614 2684 uon
635 2625 761 2685 sokmnr'.
802 2625 872 2684 VII.
892 2625 963 2685 Nun

64 2717 161 2766 tumen
175 2711 208 2766 in
211 2709 390 2785 juramento.

67 2870 246 2935 QUANTA
263 2884 306 2930 est
320 2871 390 2947 legis
405 2871 564 2948 obligatio?

68 2953 91 3010 Ι.
106 2953 145 3011 R.
161 2953 217 3011 Per
237 2973 267 3011 se
289 2954 430 3028 loquendo
451 2953 529 3029 leges
551 2955 580 3009 in
603 2953 718 3010 materia
741 2953 818 3028 gravi
837 2951 963 3030 obligarit

33 3035 78 3091 sub
92 3035 181 3110 gravi,
198 3047 226 3092 et
239 3036 268 3091 in
284 3035 468 3093 materialevi
483 3037 535 3090 sub
550 3034 605 3091 levi
620 3047 746 3110 peceato.

68 3117 107 3173 Il.
125 3117 200 3174 Haee
214 3117 359 3192 responsio
373 3135 484 3192 semper
497 3116 624 3172 subsistit
637 3117 665 3171 in
681 3116 743 3190 lege
754 3128 858 3173 aterna
871 3127 900 3173 et
914 3123 963 3176 nt·
1004 3142 1006 3150 ·
1034 3129 1036 3135 ⁴

33 3198 110 3254 turali
125 3212 256 3274 respectu
273 3198 397 3256 meteriae
411 3199 531 3274 propriae
545 3198 660 3254 istarum
676 3197 780 3274 legunt.

70 3282 116 3336 A'n
132 3281 210 3337 aliud
224 3280 261 3336 sit
275 3281 311 3336 de
327 3280 388 3355 lege
403 3281 532 3356 positiva,
547 3297 623 3336 nuno
643 3279 819 3353 inquirimus.
834 3285 839 3316 ³
938 3293 942 3316 ²

70 3365 168 3437 Atque
183 3365 211 3418 in
227 3361 324 3438 primis
338 3376 445 3418 certum
461 3373 512 3429 est,
528 3359 732 3435 Legisloturern
758 3359 911 3417 hamanum
933 3361 966 3418 in
1038 3383 1041 3390 ¹

34 3445 145 3500 materia
158 3444 235 3518 gravi
249 3461 331 3518 posse
346 3443 469 3518 obligare
483 3444 535 3498 sub
552 3442 669 3508 mortali,
685 3443 796 3499 dicente
812 3442 913 3517 Apost.
928 3444 964 3498 ud

36 3523 114 3582 llum.
130 3543 191 3602 cap.
207 3529 254 3583 13.
264 3525 299 3582 V.
311 3529 339 3581 2.
354 3531 372 3558 “
383 3525 440 3590 Qui
455 3524 560 3581 resistit
573 3523 716 3600 potestati,
730 3524 786 3582 Dei
796 3523 964 3580 ordinationi
1036 3546 1038 3552 ·

35 3612 50 3638 ‘⁶
62 3607 183 3664 resistit:
198 3607 246 3682 qui
261 3619 354 3664 eutem
369 3607 510 3678 resistunt,
522 3605 576 3682 ipsi
588 3606 640 3662 sibi
651 3606 859 3663 damnationem
870 3606 970 3680 uequt·

35 3693 51 3718 ‘⁶
64 3687 167 3746 runt?
191 3689 302 3746 aceedit
324 3688 417 3764 praxis
442 3702 471 3745 et
494 3685 681 3764 apprehensio
703 3687 870 3752 communis,
889 3705 915 3743 r.
936 3693 963 3762 g.

35 3768 104 3826 cirta
119 3769 238 3829 Missam
252 3771 298 3828 die
313 3771 393 3840 festo,
409 3767 490 3828 horas
504 3769 660 3838 canonicas,
672 3767 819 3847 jejunium,
835 3767 886 3825 &a
