2248 4070
395 183 437 227 na
458 181 603 230 aretam.
903 171 973 230 369·

67 329 220 396 Quodnam
236 342 279 390 est
292 325 413 409 primurn
429 329 568 409 Decalogi
581 344 753 410 praeceptum
766 333 780 393 l

67 413 128 471 ΙΙΙ.
153 414 190 471 li.
212 413 336 471 Pn'mum
352 425 381 471 et
402 414 553 471 maximum
577 427 621 472 est
645 413 718 474 hoe:
738 423 756 452 ‘⁶
769 416 834 474 Non
848 413 974 474 babebis

24 493 139 552 “Deos
154 495 261 553 alienos
274 515 366 553 eoram
382 495 454 564 me,”
465 496 516 553 &a
736 487 741 499 ¹

67 576 148 640 Quid
163 575 326 653 prohibetur
338 577 392 634 boo
405 577 574 654 praecepto?

65 657 122 715 lv.
145 659 182 716 R.
204 657 371 716 Prohibetur
384 659 580 734 quodcumque
599 659 674 716 uliud
689 671 792 736 prester
805 660 900 718 Deum
914 679 964 717 ve·

22 757 89 796 rum
105 759 158 817 pro
172 740 238 798 Deo
252 739 370 805 babere:
391 751 420 797 et
444 757 620 816 quocumque
644 741 729 798 modo
750 741 830 798 alteri
854 742 895 798 rei
913 741 963 798 tri·

23 820 115 878 buere
129 821 168 889 id,
190 822 265 898 quod
280 821 332 879 soli
347 821 412 879 Deo
427 821 575 879 convenit:
597 821 741 925 partipulae
751 823 835 892 enim,
851 829 869 857 “
883 823 964 880 Deos

23 901 195 972 “alienos''
209 903 377 978 aequivalent
391 901 466 973 his,‘
468 900 567 960 Deos
580 903 677 972 ahos
691 917 724 962 ut
737 917 816 981 patet
832 923 868 963 ex
881 916 963 962 textu

24 983 157 1041 Hebraeo
170 997 199 1042 et
214 985 327 1042 Graeco.

68 1065 261 1123 Prohibetur
253 1081 347 1142 itaque
358 1062 412 1123 hoo
426 1077 567 1142 praeeepto
581 1030 752 1136 Idololatria,
767 1066 920 1126 divinitatis
933 1079 964 1126 et

23 1146 120 1204 omnis
135 1147 334 1223 cujuscumque
348 1147 468 1204 nominis
482 1148 653 1224 superstitio.

67 1228 105 1286 V.
131 1229 289 1286 Additur“
298 1248 390 1286 coram
406 1228 478 1286 me.’
480 1229 585 1304 'quod
610 1231 725 1288 denotat
739 1229 834 1288 Deum
859 1230 975 1306 ubiquo'

24 1329 89 1367 esse
102 1323 282 1386 praesentem,
304 1323 333 1368 et
346 1310 430 1366 simul
444 1329 573 1386 magnam
588 1309 671 1368 habet
691 1311 844 1388 emphasim
857 1311 893 1369 ad
906 1311 963 1388 sig·

23 1391 209 1457 nificandam
224 1389 353 1469 injuriam
367 1391 444 1450 illam
458 1392 554 1468 augeri
568 1413 603 1450 ex
617 1403 661 1463 eb,
676 1393 751 1470 qubd
764 1393 814 1451 fiat
826 1393 919 1471 pelam
933 1403 963 1452 et

24 1473 136 1530 directe
149 1474 179 1530 in
193 1473 249 1532 Dei
265 1474 421 1551 praeseutia.

66 1554 148 1617 Quid
162 1553 292 1631 prohibet
305 1554 366 1612 haee
379 1573 462 1632 pars:
484 1559 503 1589 “
515 1555 581 1612 Non
596 1555 681 1613 facies
695 1555 744 1612 tibi
757 1555 887 1632 sculptile¹
899 1555 927 1615 ?’'
995 1594 997 1599 .

66 1635 122 1693 vl.
144 1637 182 1694 R.
203 1637 292 1706 idem,
317 1637 391 1712 quod
412 1637 610 1714 praecedentia,
632 1637 728 1694 “Non
753 1637 868 1694 habebis
882 1637 963 1695 Deos

25 1721 44 1752 “
59 1717 189 1784 alienos;
192 1716 210 1746 ’¹
224 1737 297 1786 nam,
311 1732 344 1776 ut
358 1718 486 1776 doeetS.
501 1720 578 1813 Aug.
593 1731 691 1794 quaest.
707 1719 756 1777 71.
770 1720 798 1776 iu
821 1717 963 1788 lixorium,

25 1811 69 1856 est
83 1799 195 1856 tantiam
215 1799 365 1880 explicatio
384 1800 477 1875 aliqua
497 1801 584 1877 partis
598 1801 792 1877 praecedentis,
812 1799 964 1878 prohibens

25 1881 87 1938 lieri
102 1873 181 1938 idola
195 1892 224 1938 ot
238 1881 372 1956 imagines
387 1899 464 1938 more
479 1881 646 1949 Gentilium,
668 1884 727 1961 qui
736 1883 798 1940 illas
819 1899 964 1940 consecra·

25 1963 104 2031 baut,
127 1974 157 2019 et
171 1963 378 2022 consecratione
392 1962 448 2019 vim
460 1961 581 2058 aliquam
593 1963 714 2022 divinam
724 1947 785 2020 illis
799 1962 904 2022 includi
913 1981 964 2021 au·

25 2043 185 2113 tumebant,
207 2056 239 2101 ut
263 2056 342 2121 patet
369 2063 403 2104 ex
419 2044 599 2103 Ciceronem
614 2045 750 2104 Verrem·
769 2034 887 2152 undeet
901 2045 979 2103 illas·

26 2125 109 2183 cultu
122 2126 319 2183 adorabant.-

67 2205 117 2264 Ex
131 2227 189 2283 quo
202 2219 289 2284 patet,
313 2205 380 2264 hinc
392 2206 433 2264 nil
448 2207 550 2265 deduci
564 2227 646 2286 posse
661 2219 758 2266 contra
772 2207 903 2267 cultum
894 2225 965 2266 tma-
973 2225 977 2232 ’

26 2288 147 2364 giunm;
167 2309 231 2346 nam
246 2301 276 2346 et
284 2288 394 2384 ipsaS.
410 2288 553 2365 Scriptura
574 2309 630 2346 uon
650 2289 814 2366 simpliciter
833 2288 979 2386 prohibet·

27 2369 174 2447 sculptilia
188 2383 217 2428 st
230 2370 374 2446 imagines,
397 2371 446 2427 sed
471 2371 579 2428 tantum
604 2369 658 2428 hoo
680 2391 773 2440 sensu,
792 2391 829 2430 ne
853 2372 915 2448 quis
930 2387 965 2430 ea

26 2452 137 2521 adoret,
159 2469 210 2510 seu
224 2451 299 2510 colat
313 2452 392 2510 cultu
405 2452 513 2509 intrim.
533 2449 588 2510 hoo
601 2465 694 2510 autem
714 2454 798 2510 modo
813 2451 964 2512 Christiani

27 2547 85 2590 non
98 2545 265 2592 venerantur
277 2533 421 2611 imagines,
443 2553 495 2592 nee
509 2534 656 2610 quamdam
672 2535 803 2592 virtutem
817 2533 858 2593 eia
872 2533 977 2593 inesse·

28 2617 160 2672 creduut.

70 2697 175 2765 Proba,
195 2715 251 2754 non
266 2697 352 2754 luisse
365 2694 536 2773 prohibitum
550 2696 626 2772 ipsas
639 2697 775 2774 imagines
788 2698 889 2756 facere.
930 2697 933 2704 ’

71 2778 230 2836 Probatur:
251 2797 316 2837 nam
330 2779 424 2836 Exodi
438 2797 499 2856 cap.
513 2779 563 2835 25.
580 2779 615 2836 V.
631 2779 676 2836 18.
690 2779 817 2856 legimus,
832 2778 965 2856 dMoyse

25 2858 109 2936 jussu
130 2859 188 2918 Dei
202 2860 277 2918 facta
289 2879 351 2918 esse
364 2859 513 2918 simulacra
526 2871 555 2917 et
569 2859 704 2936 imagines
719 2860 871 2920 Cherubim
882 2859 966 2937 juata

28 2945 135 3000 Arcam
151 2941 287 3009 Domini;
305 2954 334 3000 et
349 2945 377 2998 3.
400 2941 510 3017 Regum
526 2961 587 3018 cap.
601 2945 629 2999 6.
645 2941 823 3000 bSalomoue
837 2941 865 2999 iu
877 2941 965 3000 Tem·

29 3024 78 3100 plo
93 3024 168 3080 idem
194 3023 280 3082 luisse
301 3024 423 3081 sactum:
445 3023 512 3080 item
528 3022 716 3080 Humerorum
742 3025 790 3080 21.
810 3022 892 3100 jussu
906 3023 964 3081 Dei

30 3105 122 3162 erexit
136 3103 254 3182 Moyses
278 3105 444 3181 Serpentem
469 3123 588 3173 aueum,
609 3117 642 3163 ut
666 3105 742 3162 illius
755 3117 871 3182 aspectu
885 3123 965 3164 saua-

29 3199 128 3244 rentur
141 3186 226 3244 morsi
240 3185 258 3244 ὲ
271 3186 446 3280 serpentibus
457 3185 560 3260 ignitis.

70 3265 194 3335 Deinde,
217 3268 327 3325 etiamsi
353 3267 484 3326 Hebraeis
499 3267 717 3344 quodcumque'
710 3267 861 3343 imaginum
877 3287 966 3346 genus

31 3349 129 3407 luisset
143 3349 272 3418 vetitum,
290 3362 461 3428 praeceptum
477 3347 547 3405 illud
563 3350 676 3406 eatenis
690 3349 789 3406 luisset
804 3349 965 3407 caeremoni-

30 3431 82 3500 ale,
98 3430 249 3506 adeoque
236 3451 295 3508 Jam
311 3443 441 3496 cessaret,
461 3442 493 3486 ut
513 3441 592 3486 notat
609 3429 637 3488 S
649 3427 772 3488 Thomas
786 3444 884 3506 quaest.
900 3431 966 3488 100.

31 3525 80 3570 art.
90 3515 120 3570 t.
131 3513 167 3569 ad
180 3515 208 3571 2.
237 3513 310 3570 Vide
321 3511 383 3570 haec
392 3512 495 3570 latitia
487 3531 515 3568 ιιι
526 3511 688 3568 Tractatu“
699 3513 734 3569 de
747 3511 969 3571 lucamatiouel'

70 3593 213 3660 Quidnam
228 3593 390 3672 praecipitur
403 3593 493 3669 primo
507 3593 644 3669 Decalogi
659 3594 822 3670 praecepto?

70 3675 109 3733 R.
131 3675 206 3735 Cum
223 3675 401 3735 Catecbismo
416 3675 545 3732 Romano
559 3673 612 3733 boc
627 3695 634 3732 t
657 3681 675 3708 “
690 3673 741 3732 Me
757 3695 852 3732 rerum
867 3673 965 3733 Deum

33 3763 49 3792 “
60 3757 147 3823 colea,
169 3757 228 3815 sive
243 3749 288 3815 me
308 3755 399 3814 solum
413 3775 509 3813 verum
525 3755 620 3813 Deum
635 3754 751 3813 habebis
774 3757 838 3825 lide,
860 3773 914 3834 spe
935 3765 966 3814 et

32 3847 49 3872 ‘⁸
63 3835 208 3906 charitate,
230 3851 259 3896 et
274 3857 319 3895 me
333 3839 422 3895 solum
438 3837 566 3896 adorabis
581 3837 660 3895 cultu
675 3837 793 3895 latrim.”

71 3909 150 3988 Quid
161 3920 214 3978 sibi
225 3919 322 3979 volunt
336 3918 415 3978 haec:
431 3919 499 3977 Eoo
514 3919 743 3980 suufnonmus
756 3919 844 3979 Duos
859 3917 964 3978 roos?
