<?xml version="1.0" encoding="UTF-8"?>
<!DOCTYPE html PUBLIC "-//W3C//DTD XHTML 1.0 Transitional//EN"
    "http://www.w3.org/TR/xhtml1/DTD/xhtml1-transitional.dtd">
<html xmlns="http://www.w3.org/1999/xhtml" xml:lang="en" lang="en">
 <head>
  <title>
</title>
<meta http-equiv="Content-Type" content="text/html;charset=utf-8" />
  <meta name='ocr-system' content='tesseract 3.04.00' />
  <meta name='ocr-capabilities' content='ocr_page ocr_carea ocr_par ocr_line ocrx_word'/>
</head>
<body>
  <div class='ocr_page' id='page_1' title='image "./theologiamorali03densgoog_0236.png"; bbox 0 0 2226 4064; ppageno 0'>
   <div class='ocr_carea' id='block_1_1' title="bbox 255 105 963 178">
    <p class='ocr_par' dir='ltr' id='par_1_1' title="bbox 255 105 963 178">
     <span class='ocr_line' id='line_1_1' title="bbox 255 105 963 178; baseline 0.003 -16"><span class='ocrx_word' id='word_1_1' title='bbox 255 119 298 162; x_wconf 83' lang='lat' dir='ltr'><strong>nn</strong></span> <span class='ocrx_word' id='word_1_2' title='bbox 318 114 463 162; x_wconf 75' lang='lat' dir='ltr'><strong>vinnom</strong></span> <span class='ocrx_word' id='word_1_3' title='bbox 481 114 695 160; x_wconf 79' lang='lat' dir='ltr'><strong>onnnrnnrrs.</strong></span> <span class='ocrx_word' id='word_1_4' title='bbox 886 105 963 178; x_wconf 5' lang='lat'><strong>227¹</strong></span> 
     </span>
    </p>
   </div>
   <div class='ocr_carea' id='block_1_2' title="bbox 19 261 1037 1958">
    <p class='ocr_par' dir='ltr' id='par_1_2' title="bbox 21 261 949 588">
     <span class='ocr_line' id='line_1_2' title="bbox 62 261 948 346; baseline -0.002 -16"><span class='ocrx_word' id='word_1_5' title='bbox 62 273 105 330; x_wconf 82' lang='lat'><strong>1⁰.</strong></span> <span class='ocrx_word' id='word_1_6' title='bbox 125 263 261 346; x_wconf 78' lang='lat' dir='ltr'><strong>Disponit</strong></span> <span class='ocrx_word' id='word_1_7' title='bbox 274 266 310 325; x_wconf 83' lang='lat' dir='ltr'><strong>cd</strong></span> <span class='ocrx_word' id='word_1_8' title='bbox 328 263 478 344; x_wconf 85' lang='lat' dir='ltr'><strong>justitiam,</strong></span> <span class='ocrx_word' id='word_1_9' title='bbox 500 262 603 341; x_wconf 80' lang='lat' dir='ltr'><strong>gratias</strong></span> <span class='ocrx_word' id='word_1_10' title='bbox 617 261 742 324; x_wconf 73' lang='lat' dir='ltr'><strong>actuales</strong></span> <span class='ocrx_word' id='word_1_11' title='bbox 760 264 948 344; x_wconf 77' lang='lat' dir='ltr'><strong>impetrando,</strong></span> 
     </span>
     <span class='ocr_line' id='line_1_3' title="bbox 21 345 948 434; baseline -0.004 -21"><span class='ocrx_word' id='word_1_12' title='bbox 21 355 94 434; x_wconf 86' lang='lat' dir='ltr'><strong>jnxta</strong></span> <span class='ocrx_word' id='word_1_13' title='bbox 114 351 145 410; x_wconf 91' lang='lat' dir='ltr'><strong>id</strong></span> <span class='ocrx_word' id='word_1_14' title='bbox 167 351 255 408; x_wconf 78' lang='lat' dir='ltr'><strong>Luce</strong></span> <span class='ocrx_word' id='word_1_15' title='bbox 280 367 341 425; x_wconf 90' lang='lat' dir='ltr'><strong>cap.</strong></span> <span class='ocrx_word' id='word_1_16' title='bbox 369 349 415 406; x_wconf 93' lang='grc'><strong>11.</strong></span> <span class='ocrx_word' id='word_1_17' title='bbox 443 345 480 404; x_wconf 90' lang='lat' dir='ltr'><strong>V.</strong></span> <span class='ocrx_word' id='word_1_18' title='bbox 505 347 554 404; x_wconf 77' lang='lat'><strong>41.</strong></span> <span class='ocrx_word' id='word_1_19' title='bbox 586 345 692 404; x_wconf 89' lang='lat' dir='ltr'><strong>“Date</strong></span> <span class='ocrx_word' id='word_1_20' title='bbox 720 347 948 428; x_wconf 71' lang='lat' dir='ltr'><strong>eleemosynam</strong></span> 
     </span>
     <span class='ocr_line' id='line_1_4' title="bbox 25 423 949 504; baseline -0.004 -10"><span class='ocrx_word' id='word_1_21' title='bbox 25 444 40 472; x_wconf 83' lang='lat'><strong>⁴¹</strong></span> <span class='ocrx_word' id='word_1_22' title='bbox 52 453 114 494; x_wconf 88' lang='lat' dir='ltr'><strong>ecce</strong></span> <span class='ocrx_word' id='word_1_23' title='bbox 128 431 224 492; x_wconf 87' lang='lat' dir='ltr'><strong>omnia</strong></span> <span class='ocrx_word' id='word_1_24' title='bbox 236 432 342 488; x_wconf 88' lang='lat' dir='ltr'><strong>munda</strong></span> <span class='ocrx_word' id='word_1_25' title='bbox 355 441 422 488; x_wconf 84' lang='lat' dir='ltr'><strong>sunt</strong></span> <span class='ocrx_word' id='word_1_26' title='bbox 434 427 514 486; x_wconf 82' lang='lat' dir='ltr'><strong>vobis</strong></span> <span class='ocrx_word' id='word_1_27' title='bbox 524 425 549 496; x_wconf 82' lang='lat'><strong>;’&#39;</strong></span> <span class='ocrx_word' id='word_1_28' title='bbox 568 426 597 484; x_wconf 90' lang='lat' dir='ltr'><strong>in</strong></span> <span class='ocrx_word' id='word_1_29' title='bbox 607 423 694 504; x_wconf 83' lang='lat' dir='ltr'><strong>justis</strong></span> <span class='ocrx_word' id='word_1_30' title='bbox 708 429 793 488; x_wconf 90' lang='lat' dir='ltr'><strong>etiam</strong></span> <span class='ocrx_word' id='word_1_31' title='bbox 806 431 949 490; x_wconf 84' lang='lat' dir='ltr'><strong>meritoria</strong></span> 
     </span>
     <span class='ocr_line' id='line_1_5' title="bbox 24 507 890 588; baseline -0.009 -10"><span class='ocrx_word' id='word_1_32' title='bbox 24 529 61 578; x_wconf 84' lang='lat' dir='ltr'><strong>ert</strong></span> <span class='ocrx_word' id='word_1_33' title='bbox 73 515 137 574; x_wconf 83' lang='lat' dir='ltr'><strong>vitae</strong></span> <span class='ocrx_word' id='word_1_34' title='bbox 154 527 278 582; x_wconf 82' lang='lat' dir='ltr'><strong>retemae,</strong></span> <span class='ocrx_word' id='word_1_35' title='bbox 292 522 325 568; x_wconf 86' lang='lat' dir='ltr'><strong>nt</strong></span> <span class='ocrx_word' id='word_1_36' title='bbox 339 521 450 568; x_wconf 83' lang='lat' dir='ltr'><strong>constet</strong></span> <span class='ocrx_word' id='word_1_37' title='bbox 463 529 498 568; x_wconf 87' lang='lat' dir='ltr'><strong>ex</strong></span> <span class='ocrx_word' id='word_1_38' title='bbox 513 507 621 566; x_wconf 87' lang='lat' dir='ltr'><strong>Matth.</strong></span> <span class='ocrx_word' id='word_1_39' title='bbox 634 529 695 588; x_wconf 86' lang='lat' dir='ltr'><strong>ccp.</strong></span> <span class='ocrx_word' id='word_1_40' title='bbox 710 511 760 569; x_wconf 74' lang='lat'><strong>25.</strong></span> <span class='ocrx_word' id='word_1_41' title='bbox 774 511 811 569; x_wconf 90' lang='lat' dir='ltr'><strong>V.</strong></span> <span class='ocrx_word' id='word_1_42' title='bbox 825 514 872 572; x_wconf 79' lang='lat'><strong>35.</strong></span> <span class='ocrx_word' id='word_1_43' title='bbox 889 525 890 528; x_wconf 75' lang='grc'>’</span> 
     </span>
    </p>

    <p class='ocr_par' dir='ltr' id='par_1_3' title="bbox 23 590 948 752">
     <span class='ocr_line' id='line_1_6' title="bbox 57 590 948 668; baseline -0.001 -14"><span class='ocrx_word' id='word_1_44' title='bbox 57 600 98 654; x_wconf 76' lang='lat'><strong>20.</strong></span> <span class='ocrx_word' id='word_1_45' title='bbox 112 595 168 654; x_wconf 77' lang='lat' dir='ltr'><strong>Est</strong></span> <span class='ocrx_word' id='word_1_46' title='bbox 180 592 365 654; x_wconf 73' lang='lat' dir='ltr'><strong>satisfactoria</strong></span> <span class='ocrx_word' id='word_1_47' title='bbox 377 611 429 668; x_wconf 85' lang='lat' dir='ltr'><strong>pro</strong></span> <span class='ocrx_word' id='word_1_48' title='bbox 442 590 532 668; x_wconf 87' lang='lat' dir='ltr'><strong>poenis</strong></span> <span class='ocrx_word' id='word_1_49' title='bbox 545 602 733 668; x_wconf 84' lang='lat' dir='ltr'><strong>peccatorum.</strong></span> <span class='ocrx_word' id='word_1_50' title='bbox 778 593 820 651; x_wconf 92' lang='lat' dir='ltr'><strong>Hi</strong></span> <span class='ocrx_word' id='word_1_51' title='bbox 830 593 948 654; x_wconf 87' lang='lat' dir='ltr'><strong>effectus</strong></span> 
     </span>
     <span class='ocr_line' id='line_1_7' title="bbox 23 671 948 752; baseline -0.004 -13"><span class='ocrx_word' id='word_1_52' title='bbox 23 691 80 738; x_wconf 86' lang='lat' dir='ltr'><strong>eunt</strong></span> <span class='ocrx_word' id='word_1_53' title='bbox 92 695 258 737; x_wconf 87' lang='lat' dir='ltr'><strong>communes</strong></span> <span class='ocrx_word' id='word_1_54' title='bbox 272 674 334 732; x_wconf 83' lang='lat' dir='ltr'><strong>aliis</strong></span> <span class='ocrx_word' id='word_1_55' title='bbox 348 672 480 752; x_wconf 84' lang='lat' dir='ltr'><strong>operibus</strong></span> <span class='ocrx_word' id='word_1_56' title='bbox 493 691 529 731; x_wconf 82' lang='lat' dir='ltr'><strong>ex</strong></span> <span class='ocrx_word' id='word_1_57' title='bbox 543 671 633 748; x_wconf 78' lang='lat' dir='ltr'><strong>gratia</strong></span> <span class='ocrx_word' id='word_1_58' title='bbox 642 676 845 750; x_wconf 83' lang='lat' dir='ltr'><strong>supernaturali</strong></span> <span class='ocrx_word' id='word_1_59' title='bbox 858 677 948 752; x_wconf 71' lang='lat' dir='ltr'><strong>lactis.</strong></span> 
     </span>
    </p>

    <p class='ocr_par' dir='ltr' id='par_1_4' title="bbox 22 753 948 1000">
     <span class='ocr_line' id='line_1_8' title="bbox 55 753 948 832; baseline -0.002 -14"><span class='ocrx_word' id='word_1_60' title='bbox 55 760 137 818; x_wconf 84' lang='lat' dir='ltr'><strong>Alios</strong></span> <span class='ocrx_word' id='word_1_61' title='bbox 151 757 236 816; x_wconf 82' lang='lat' dir='ltr'><strong>habet</strong></span> <span class='ocrx_word' id='word_1_62' title='bbox 250 755 367 814; x_wconf 84' lang='lat' dir='ltr'><strong>effectus</strong></span> <span class='ocrx_word' id='word_1_63' title='bbox 381 754 517 832; x_wconf 87' lang='lat' dir='ltr'><strong>proprios,</strong></span> <span class='ocrx_word' id='word_1_64' title='bbox 530 764 563 812; x_wconf 86' lang='lat' dir='ltr'><strong>nt</strong></span> <span class='ocrx_word' id='word_1_65' title='bbox 583 753 660 830; x_wconf 79' lang='lat' dir='ltr'><strong>qudd</strong></span> <span class='ocrx_word' id='word_1_66' title='bbox 673 755 805 815; x_wconf 81' lang='lat' dir='ltr'><strong>conciliet</strong></span> <span class='ocrx_word' id='word_1_67' title='bbox 828 759 948 816; x_wconf 85' lang='lat' dir='ltr'><strong>benevo-</strong></span> 
     </span>
     <span class='ocr_line' id='line_1_9' title="bbox 23 837 947 917; baseline -0.001 -17"><span class='ocrx_word' id='word_1_68' title='bbox 23 841 130 900; x_wconf 79' lang='lat' dir='ltr'><strong>lentiam</strong></span> <span class='ocrx_word' id='word_1_69' title='bbox 144 840 273 908; x_wconf 85' lang='lat' dir='ltr'><strong>aliorum,</strong></span> <span class='ocrx_word' id='word_1_70' title='bbox 287 850 320 896; x_wconf 88' lang='lat' dir='ltr'><strong>ut</strong></span> <span class='ocrx_word' id='word_1_71' title='bbox 333 843 389 914; x_wconf 72' lang='lat' dir='ltr'><strong>pro·</strong></span> <span class='ocrx_word' id='word_1_72' title='bbox 408 837 493 896; x_wconf 87' lang='lat' dir='ltr'><strong>dente</strong></span> <span class='ocrx_word' id='word_1_73' title='bbox 517 847 606 906; x_wconf 86' lang='lat' dir='ltr'><strong>orent,</strong></span> <span class='ocrx_word' id='word_1_74' title='bbox 631 837 767 895; x_wconf 87' lang='lat' dir='ltr'><strong>beneficia</strong></span> <span class='ocrx_word' id='word_1_75' title='bbox 786 838 947 917; x_wconf 83' lang='lat' dir='ltr'><strong>impetrent,</strong></span> 
     </span>
     <span class='ocr_line' id='line_1_10' title="bbox 22 915 930 1000; baseline -0.003 -18"><span class='ocrx_word' id='word_1_76' title='bbox 22 927 64 982; x_wconf 80' lang='lat' dir='ltr'><strong>tro.</strong></span> <span class='ocrx_word' id='word_1_77' title='bbox 77 933 163 1000; x_wconf 88' lang='lat' dir='ltr'><strong>prout</strong></span> <span class='ocrx_word' id='word_1_78' title='bbox 177 931 287 979; x_wconf 84' lang='lat' dir='ltr'><strong>constet</strong></span> <span class='ocrx_word' id='word_1_79' title='bbox 300 939 337 977; x_wconf 85' lang='lat' dir='ltr'><strong>ex</strong></span> <span class='ocrx_word' id='word_1_80' title='bbox 358 924 376 953; x_wconf 89' lang='lat'><strong>“</strong></span> <span class='ocrx_word' id='word_1_81' title='bbox 390 917 489 976; x_wconf 89' lang='lat' dir='ltr'><strong>Actib.</strong></span> <span class='ocrx_word' id='word_1_82' title='bbox 503 915 622 994; x_wconf 75' lang='lat' dir='ltr'><strong>Apoec’·</strong></span> <span class='ocrx_word' id='word_1_83' title='bbox 637 937 698 995; x_wconf 88' lang='lat' dir='ltr'><strong>cap.</strong></span> <span class='ocrx_word' id='word_1_84' title='bbox 714 919 742 976; x_wconf 86' lang='lat'><strong>9.</strong></span> <span class='ocrx_word' id='word_1_85' title='bbox 755 919 784 976; x_wconf 93' lang='lat' dir='ltr'><strong>in</strong></span> <span class='ocrx_word' id='word_1_86' title='bbox 799 920 930 981; x_wconf 87' lang='lat' dir='ltr'><strong>Tabitha.</strong></span> 
     </span>
    </p>

    <p class='ocr_par' dir='ltr' id='par_1_5' title="bbox 22 997 1037 1244">
     <span class='ocr_line' id='line_1_11' title="bbox 49 997 1037 1080; baseline -0.002 -17"><span class='ocrx_word' id='word_1_87' title='bbox 49 1007 97 1069; x_wconf 73' lang='lat'><strong>2⁰.</strong></span> <span class='ocrx_word' id='word_1_88' title='bbox 119 1005 221 1078; x_wconf 81' lang='lat' dir='ltr'><strong>Auget</strong></span> <span class='ocrx_word' id='word_1_89' title='bbox 234 1001 366 1059; x_wconf 87' lang='lat' dir='ltr'><strong>fiduciam</strong></span> <span class='ocrx_word' id='word_1_90' title='bbox 379 1001 455 1077; x_wconf 89' lang='lat' dir='ltr'><strong>apud</strong></span> <span class='ocrx_word' id='word_1_91' title='bbox 469 999 566 1058; x_wconf 89' lang='lat' dir='ltr'><strong>Deum</strong></span> <span class='ocrx_word' id='word_1_92' title='bbox 582 997 666 1075; x_wconf 84' lang='lat' dir='ltr'><strong>juxto</strong></span> <span class='ocrx_word' id='word_1_93' title='bbox 678 999 708 1057; x_wconf 92' lang='lat' dir='ltr'><strong>id</strong></span> <span class='ocrx_word' id='word_1_94' title='bbox 723 999 820 1059; x_wconf 85' lang='lat' dir='ltr'><strong>Tobiae</strong></span> <span class='ocrx_word' id='word_1_95' title='bbox 835 1021 896 1080; x_wconf 84' lang='lat' dir='ltr'><strong>cap.</strong></span> <span class='ocrx_word' id='word_1_96' title='bbox 919 1004 949 1061; x_wconf 79' lang='lat'><strong>4.</strong></span> <span class='ocrx_word' id='word_1_97' title='bbox 1035 1049 1037 1060; x_wconf 37' lang='lat'><em>1</em></span> 
     </span>
     <span class='ocr_line' id='line_1_12' title="bbox 23 1081 949 1158; baseline -0.001 -15"><span class='ocrx_word' id='word_1_98' title='bbox 23 1087 51 1144; x_wconf 90' lang='lat' dir='ltr'><strong>V.</strong></span> <span class='ocrx_word' id='word_1_99' title='bbox 67 1087 111 1142; x_wconf 80' lang='lat'><strong>12.</strong></span> <span class='ocrx_word' id='word_1_100' title='bbox 133 1083 283 1142; x_wconf 88' lang='lat' dir='ltr'><strong>“Fiducia</strong></span> <span class='ocrx_word' id='word_1_101' title='bbox 296 1101 397 1158; x_wconf 80' lang='lat' dir='ltr'><strong>magna</strong></span> <span class='ocrx_word' id='word_1_102' title='bbox 420 1081 475 1139; x_wconf 88' lang='lat' dir='ltr'><strong>erit</strong></span> <span class='ocrx_word' id='word_1_103' title='bbox 498 1099 593 1140; x_wconf 86' lang='lat' dir='ltr'><strong>coram</strong></span> <span class='ocrx_word' id='word_1_104' title='bbox 606 1100 717 1140; x_wconf 86' lang='lat' dir='ltr'><strong>summo</strong></span> <span class='ocrx_word' id='word_1_105' title='bbox 731 1081 797 1141; x_wconf 90' lang='lat' dir='ltr'><strong>Deo</strong></span> <span class='ocrx_word' id='word_1_106' title='bbox 815 1082 949 1144; x_wconf 66' lang='lat' dir='ltr'><strong>Eleemo-</strong></span> 
     </span>
     <span class='ocr_line' id='line_1_13' title="bbox 22 1161 542 1244; baseline -0.012 -18"><span class='ocrx_word' id='word_1_107' title='bbox 22 1176 35 1203; x_wconf 84' lang='lat'><strong>“</strong></span> <span class='ocrx_word' id='word_1_108' title='bbox 47 1185 114 1244; x_wconf 89' lang='lat' dir='ltr'><strong>syna</strong></span> <span class='ocrx_word' id='word_1_109' title='bbox 128 1166 261 1224; x_wconf 86' lang='lat' dir='ltr'><strong>omnibus</strong></span> <span class='ocrx_word' id='word_1_110' title='bbox 275 1163 441 1222; x_wconf 84' lang='lat' dir='ltr'><strong>facientibus</strong></span> <span class='ocrx_word' id='word_1_111' title='bbox 455 1161 542 1221; x_wconf 86' lang='lat' dir='ltr'><strong>eam.”</strong></span> 
     </span>
    </p>

    <p class='ocr_par' dir='ltr' id='par_1_6' title="bbox 20 1241 951 1568">
     <span class='ocr_line' id='line_1_14' title="bbox 55 1241 950 1326; baseline 0 -20"><span class='ocrx_word' id='word_1_112' title='bbox 55 1249 246 1326; x_wconf 70' lang='lat' dir='ltr'><strong>Eleemosyna</strong></span> <span class='ocrx_word' id='word_1_113' title='bbox 258 1245 423 1322; x_wconf 87' lang='lat' dir='ltr'><strong>plerumque</strong></span> <span class='ocrx_word' id='word_1_114' title='bbox 437 1256 481 1302; x_wconf 85' lang='lat' dir='ltr'><strong>eet</strong></span> <span class='ocrx_word' id='word_1_115' title='bbox 495 1261 579 1304; x_wconf 82' lang='lat' dir='ltr'><strong>causa</strong></span> <span class='ocrx_word' id='word_1_116' title='bbox 592 1241 705 1322; x_wconf 77' lang='lat' dir='ltr'><strong>majoris</strong></span> <span class='ocrx_word' id='word_1_117' title='bbox 718 1246 897 1306; x_wconf 62' lang='lat' dir='ltr'><strong>abnndantia</strong></span> <span class='ocrx_word' id='word_1_118' title='bbox 920 1249 950 1306; x_wconf 91' lang='lat' dir='ltr'><strong>in</strong></span> 
     </span>
     <span class='ocr_line' id='line_1_15' title="bbox 21 1324 951 1406; baseline -0.003 -17"><span class='ocrx_word' id='word_1_119' title='bbox 21 1331 90 1389; x_wconf 85' lang='lat' dir='ltr'><strong>bonis</strong></span> <span class='ocrx_word' id='word_1_120' title='bbox 104 1327 316 1406; x_wconf 79' lang='lat' dir='ltr'><strong>temporalibus,</strong></span> <span class='ocrx_word' id='word_1_121' title='bbox 337 1324 421 1404; x_wconf 83' lang='lat' dir='ltr'><strong>juxta</strong></span> <span class='ocrx_word' id='word_1_122' title='bbox 433 1326 464 1384; x_wconf 93' lang='lat' dir='ltr'><strong>id</strong></span> <span class='ocrx_word' id='word_1_123' title='bbox 478 1326 562 1384; x_wconf 84' lang='lat' dir='ltr'><strong>Prov.</strong></span> <span class='ocrx_word' id='word_1_124' title='bbox 575 1343 637 1402; x_wconf 83' lang='lat' dir='ltr'><strong>cap.</strong></span> <span class='ocrx_word' id='word_1_125' title='bbox 662 1327 712 1384; x_wconf 81' lang='lat'><strong>28.</strong></span> <span class='ocrx_word' id='word_1_126' title='bbox 734 1327 770 1385; x_wconf 71' lang='lat' dir='ltr'><strong>V:</strong></span> <span class='ocrx_word' id='word_1_127' title='bbox 791 1329 839 1385; x_wconf 73' lang='lat'><strong>27.</strong></span> <span class='ocrx_word' id='word_1_128' title='bbox 861 1335 880 1364; x_wconf 77' lang='lat'><strong>‘⁴</strong></span> <span class='ocrx_word' id='word_1_129' title='bbox 892 1329 951 1394; x_wconf 80' lang='lat' dir='ltr'><strong>Qui</strong></span> 
     </span>
     <span class='ocr_line' id='line_1_16' title="bbox 22 1405 951 1488; baseline -0.003 -18"><span class='ocrx_word' id='word_1_130' title='bbox 22 1413 92 1470; x_wconf 87' lang='lat' dir='ltr'><strong>“dat</strong></span> <span class='ocrx_word' id='word_1_131' title='bbox 113 1409 244 1488; x_wconf 71' lang='lat' dir='ltr'><strong>properi,</strong></span> <span class='ocrx_word' id='word_1_132' title='bbox 272 1427 329 1466; x_wconf 90' lang='lat' dir='ltr'><strong>non</strong></span> <span class='ocrx_word' id='word_1_133' title='bbox 356 1406 521 1484; x_wconf 82' lang='lat' dir='ltr'><strong>indigebit.”</strong></span> <span class='ocrx_word' id='word_1_134' title='bbox 575 1405 748 1486; x_wconf 82' lang='lat' dir='ltr'><strong>Exemplum</strong></span> <span class='ocrx_word' id='word_1_135' title='bbox 774 1407 894 1469; x_wconf 85' lang='lat' dir='ltr'><strong>habetur</strong></span> <span class='ocrx_word' id='word_1_136' title='bbox 920 1411 951 1468; x_wconf 91' lang='lat' dir='ltr'><strong>in</strong></span> 
     </span>
     <span class='ocr_line' id='line_1_17' title="bbox 20 1489 601 1568; baseline -0.007 -18"><span class='ocrx_word' id='word_1_137' title='bbox 20 1493 129 1551; x_wconf 85' lang='lat' dir='ltr'><strong>muliere</strong></span> <span class='ocrx_word' id='word_1_138' title='bbox 148 1489 329 1568; x_wconf 85' lang='lat' dir='ltr'><strong>Sarephtane,</strong></span> <span class='ocrx_word' id='word_1_139' title='bbox 345 1493 374 1548; x_wconf 78' lang='grc'><strong>3.</strong></span> <span class='ocrx_word' id='word_1_140' title='bbox 388 1489 461 1566; x_wconf 83' lang='lat' dir='ltr'><strong>Reg.</strong></span> <span class='ocrx_word' id='word_1_141' title='bbox 474 1509 536 1566; x_wconf 87' lang='lat' dir='ltr'><strong>cap.</strong></span> <span class='ocrx_word' id='word_1_142' title='bbox 554 1489 601 1546; x_wconf 86' lang='grc'><strong>17.</strong></span> 
     </span>
    </p>

    <p class='ocr_par' dir='ltr' id='par_1_7' title="bbox 19 1569 951 1958">
     <span class='ocr_line' id='line_1_18' title="bbox 54 1569 950 1651; baseline 0 -19"><span class='ocrx_word' id='word_1_143' title='bbox 54 1574 144 1644; x_wconf 87' lang='lat' dir='ltr'><strong>Nota,</strong></span> <span class='ocrx_word' id='word_1_144' title='bbox 158 1573 234 1649; x_wconf 74' lang='lat' dir='ltr'><strong>qued</strong></span> <span class='ocrx_word' id='word_1_145' title='bbox 258 1571 327 1632; x_wconf 73' lang='lat' dir='ltr'><strong>licet</strong></span> <span class='ocrx_word' id='word_1_146' title='bbox 348 1571 529 1648; x_wconf 82' lang='lat' dir='ltr'><strong>ele&#39;e‘mosyna</strong></span> <span class='ocrx_word' id='word_1_147' title='bbox 552 1569 669 1629; x_wconf 86' lang='lat' dir='ltr'><strong>effectus</strong></span> <span class='ocrx_word' id='word_1_148' title='bbox 692 1569 794 1632; x_wconf 86' lang='lat' dir='ltr'><strong>habeat</strong></span> <span class='ocrx_word' id='word_1_149' title='bbox 815 1584 950 1651; x_wconf 75' lang='lat' dir='ltr'><strong>praestan·</strong></span> 
     </span>
     <span class='ocr_line' id='line_1_19' title="bbox 20 1653 950 1729; baseline -0.002 -15"><span class='ocrx_word' id='word_1_150' title='bbox 20 1656 147 1726; x_wconf 77' lang='lat' dir='ltr'><strong>tissimus,</strong></span> <span class='ocrx_word' id='word_1_151' title='bbox 161 1666 328 1712; x_wconf 67' lang='lat' dir='ltr'><strong>ceterorum</strong></span> <span class='ocrx_word' id='word_1_152' title='bbox 341 1664 437 1714; x_wconf 85' lang='lat' dir='ltr'><strong>temen</strong></span> <span class='ocrx_word' id='word_1_153' title='bbox 457 1653 594 1710; x_wconf 89' lang='lat' dir='ltr'><strong>bonorum</strong></span> <span class='ocrx_word' id='word_1_154' title='bbox 618 1671 735 1729; x_wconf 87' lang='lat' dir='ltr'><strong>operum</strong></span> <span class='ocrx_word' id='word_1_155' title='bbox 760 1656 950 1714; x_wconf 88' lang='lat' dir='ltr'><strong>conditionem</strong></span> 
     </span>
     <span class='ocr_line' id='line_1_20' title="bbox 19 1733 951 1811; baseline -0.001 -16"><span class='ocrx_word' id='word_1_156' title='bbox 19 1757 67 1796; x_wconf 91' lang='lat' dir='ltr'><strong>non</strong></span> <span class='ocrx_word' id='word_1_157' title='bbox 80 1737 212 1805; x_wconf 76' lang='lat' dir='ltr'><strong>excedat,</strong></span> <span class='ocrx_word' id='word_1_158' title='bbox 227 1735 307 1811; x_wconf 84' lang='lat' dir='ltr'><strong>quasi</strong></span> <span class='ocrx_word' id='word_1_159' title='bbox 331 1734 376 1794; x_wconf 81' lang='lat' dir='ltr'><strong>rel</strong></span> <span class='ocrx_word' id='word_1_160' title='bbox 390 1733 451 1792; x_wconf 78' lang='lat' dir='ltr'><strong>sole</strong></span> <span class='ocrx_word' id='word_1_161' title='bbox 463 1733 509 1792; x_wconf 87' lang='lat' dir='ltr'><strong>vel</strong></span> <span class='ocrx_word' id='word_1_162' title='bbox 523 1733 707 1792; x_wconf 83' lang='lat' dir='ltr'><strong>infallibiliter</strong></span> <span class='ocrx_word' id='word_1_163' title='bbox 729 1735 827 1808; x_wconf 82' lang='lat' dir='ltr'><strong>salvet,</strong></span> <span class='ocrx_word' id='word_1_164' title='bbox 846 1737 891 1796; x_wconf 86' lang='lat' dir='ltr'><strong>vel</strong></span> <span class='ocrx_word' id='word_1_165' title='bbox 914 1757 951 1795; x_wconf 88' lang='lat' dir='ltr'><strong>ex</strong></span> 
     </span>
     <span class='ocr_line' id='line_1_21' title="bbox 21 1815 950 1897; baseline 0.002 -21"><span class='ocrx_word' id='word_1_166' title='bbox 21 1838 95 1895; x_wconf 88' lang='lat' dir='ltr'><strong>opere</strong></span> <span class='ocrx_word' id='word_1_167' title='bbox 109 1830 229 1896; x_wconf 74' lang='lat' dir='ltr'><strong>operato</strong></span> <span class='ocrx_word' id='word_1_168' title='bbox 242 1816 349 1894; x_wconf 91' lang='lat' dir='ltr'><strong>aliquid</strong></span> <span class='ocrx_word' id='word_1_169' title='bbox 362 1815 464 1885; x_wconf 88' lang='lat' dir='ltr'><strong>valeat,</strong></span> <span class='ocrx_word' id='word_1_170' title='bbox 486 1827 536 1874; x_wconf 83' lang='lat' dir='ltr'><strong>cut</strong></span> <span class='ocrx_word' id='word_1_171' title='bbox 553 1835 590 1873; x_wconf 85' lang='lat' dir='ltr'><strong>ex</strong></span> <span class='ocrx_word' id='word_1_172' title='bbox 609 1815 767 1895; x_wconf 83' lang='lat' dir='ltr'><strong>privilegio,</strong></span> <span class='ocrx_word' id='word_1_173' title='bbox 791 1829 825 1877; x_wconf 91' lang='lat' dir='ltr'><strong>ut</strong></span> <span class='ocrx_word' id='word_1_174' title='bbox 837 1817 950 1897; x_wconf 80' lang='lat' dir='ltr'><strong>Marty-</strong></span> 
     </span>
     <span class='ocr_line' id='line_1_22' title="bbox 20 1921 93 1958; baseline 0.014 -1"><span class='ocrx_word' id='word_1_175' title='bbox 20 1921 93 1958; x_wconf 88' lang='lat' dir='ltr'><strong>num.</strong></span> 
     </span>
    </p>
   </div>
   <div class='ocr_carea' id='block_1_3' title="bbox 72 2055 889 2300">
    <p class='ocr_par' dir='ltr' id='par_1_8' title="bbox 72 2055 889 2300">
     <span class='ocr_line' id='line_1_23' title="bbox 72 2055 889 2122; baseline 0.001 -1"><span class='ocrx_word' id='word_1_176' title='bbox 72 2061 112 2122; x_wconf 83' lang='lat' dir='ltr'><strong>N.</strong></span> <span class='ocrx_word' id='word_1_177' title='bbox 137 2063 207 2122; x_wconf 78' lang='lat'><em>144.</em></span> <span class='ocrx_word' id='word_1_178' title='bbox 250 2059 308 2120; x_wconf 87' lang='lat' dir='ltr'><strong>DE</strong></span> <span class='ocrx_word' id='word_1_179' title='bbox 330 2058 561 2122; x_wconf 84' lang='lat' dir='ltr'><strong>PRAECEPTO</strong></span> <span class='ocrx_word' id='word_1_180' title='bbox 583 2055 889 2122; x_wconf 82' lang='lat' dir='ltr'>ELEEMOSYNAE.</span> 
     </span>
     <span class='ocr_line' id='line_1_24' title="bbox 260 2221 706 2300; baseline 0 -17"><span class='ocrx_word' id='word_1_181' title='bbox 260 2223 296 2284; x_wconf 85' lang='lat' dir='ltr'><strong>S.</strong></span> <span class='ocrx_word' id='word_1_182' title='bbox 316 2221 416 2282; x_wconf 74' lang='lat' dir='ltr'><strong>Tuom.</strong></span> <span class='ocrx_word' id='word_1_183' title='bbox 429 2230 530 2300; x_wconf 72' lang='lat' dir='ltr'><strong>quast</strong></span> <span class='ocrx_word' id='word_1_184' title='bbox 543 2223 593 2280; x_wconf 73' lang='lat'><strong>32.</strong></span> <span class='ocrx_word' id='word_1_185' title='bbox 605 2232 663 2282; x_wconf 78' lang='lat' dir='ltr'><strong>art.</strong></span> <span class='ocrx_word' id='word_1_186' title='bbox 676 2224 706 2283; x_wconf 89' lang='grc'><strong>5.</strong></span> 
     </span>
    </p>
   </div>
   <div class='ocr_carea' id='block_1_4' title="bbox 22 2385 952 2707">
    <p class='ocr_par' dir='ltr' id='par_1_9' title="bbox 22 2385 952 2707">
     <span class='ocr_line' id='line_1_25' title="bbox 22 2385 951 2466; baseline 0.002 -20"><span class='ocrx_word' id='word_1_187' title='bbox 22 2389 41 2446; x_wconf 93' lang='grc'><strong>1.</strong></span> <span class='ocrx_word' id='word_1_188' title='bbox 59 2389 163 2448; x_wconf 75' lang='lat' dir='ltr'><strong>Dolor</strong></span> <span class='ocrx_word' id='word_1_189' title='bbox 179 2396 358 2466; x_wconf 78' lang='lat' dir='ltr'><strong>psaeceptum</strong></span> <span class='ocrx_word' id='word_1_190' title='bbox 380 2385 571 2461; x_wconf 65' lang='lat' dir='ltr'><strong>eutmosmrae.</strong></span> <span class='ocrx_word' id='word_1_191' title='bbox 626 2385 666 2444; x_wconf 91' lang='lat'><strong>11.</strong></span> <span class='ocrx_word' id='word_1_192' title='bbox 694 2385 897 2448; x_wconf 70' lang='lat' dir='ltr'><strong>Necessarium</strong></span> <span class='ocrx_word' id='word_1_193' title='bbox 923 2399 951 2448; x_wconf 83' lang='lat' dir='ltr'><strong>et</strong></span> 
     </span>
     <span class='ocr_line' id='line_1_26' title="bbox 54 2466 950 2550; baseline 0.002 -22"><span class='ocrx_word' id='word_1_194' title='bbox 54 2469 237 2550; x_wconf 68' lang='lat' dir='ltr'><strong>superflum</strong></span> <span class='ocrx_word' id='word_1_195' title='bbox 250 2471 325 2526; x_wconf 76' lang='lat' dir='ltr'><strong>circ.</strong></span> <span class='ocrx_word' id='word_1_196' title='bbox 365 2467 421 2526; x_wconf 89' lang='lat' dir='ltr'><strong>Ill.</strong></span> <span class='ocrx_word' id='word_1_197' title='bbox 441 2466 640 2526; x_wconf 72' lang='lat' dir='ltr'><strong>Necessarium</strong></span> <span class='ocrx_word' id='word_1_198' title='bbox 653 2475 681 2525; x_wconf 81' lang='lat' dir='ltr'><strong>et</strong></span> <span class='ocrx_word' id='word_1_199' title='bbox 691 2467 872 2550; x_wconf 62' lang='lat' dir='ltr'><strong>superfluum</strong></span> <span class='ocrx_word' id='word_1_200' title='bbox 891 2481 950 2530; x_wconf 86' lang='lat' dir='ltr'><strong>sto·</strong></span> 
     </span>
     <span class='ocr_line' id='line_1_27' title="bbox 54 2547 952 2628; baseline 0.003 -19"><span class='ocrx_word' id='word_1_201' title='bbox 54 2547 108 2609; x_wconf 81' lang='lat' dir='ltr'><strong>tris.</strong></span> <span class='ocrx_word' id='word_1_202' title='bbox 152 2551 206 2610; x_wconf 90' lang='lat' dir='ltr'><strong>IV.</strong></span> <span class='ocrx_word' id='word_1_203' title='bbox 233 2549 353 2627; x_wconf 80' lang='lat' dir='ltr'><strong>Triples</strong></span> <span class='ocrx_word' id='word_1_204' title='bbox 372 2549 530 2608; x_wconf 78' lang='lat' dir='ltr'><strong>necessitas.</strong></span> <span class='ocrx_word' id='word_1_205' title='bbox 570 2547 607 2606; x_wconf 87' lang='lat' dir='ltr'><strong>V.</strong></span> <span class='ocrx_word' id='word_1_206' title='bbox 626 2547 778 2621; x_wconf 67' lang='lat' dir='ltr'><strong>Essent,</strong></span> <span class='ocrx_word' id='word_1_207' title='bbox 799 2553 901 2628; x_wconf 68' lang='lat' dir='ltr'><strong>praetr</strong></span> <span class='ocrx_word' id='word_1_208' title='bbox 924 2563 952 2612; x_wconf 81' lang='lat' dir='ltr'><strong>et</strong></span> 
     </span>
     <span class='ocr_line' id='line_1_28' title="bbox 54 2630 950 2707; baseline 0.001 -17"><span class='ocrx_word' id='word_1_209' title='bbox 54 2635 225 2692; x_wconf 80' lang='lat' dir='ltr'><strong>communis.</strong></span> <span class='ocrx_word' id='word_1_210' title='bbox 265 2631 318 2690; x_wconf 85' lang='lat' dir='ltr'><strong>Vl.</strong></span> <span class='ocrx_word' id='word_1_211' title='bbox 340 2630 393 2688; x_wconf 87' lang='lat' dir='ltr'><strong>Ad</strong></span> <span class='ocrx_word' id='word_1_212' title='bbox 405 2630 479 2707; x_wconf 80' lang='lat' dir='ltr'><strong>quid</strong></span> <span class='ocrx_word' id='word_1_213' title='bbox 500 2638 647 2689; x_wconf 81' lang='lat' dir='ltr'><strong>teneamur</strong></span> <span class='ocrx_word' id='word_1_214' title='bbox 659 2631 692 2689; x_wconf 82' lang='lat' dir='ltr'><strong>iu</strong></span> <span class='ocrx_word' id='word_1_215' title='bbox 705 2640 853 2696; x_wconf 78' lang='lat' dir='ltr'><strong>ectremu⁸¹</strong></span> <span class='ocrx_word' id='word_1_216' title='bbox 879 2633 950 2692; x_wconf 90' lang='lat' dir='ltr'><strong>Vll.</strong></span> 
     </span>
    </p>
   </div>
   <div class='ocr_carea' id='block_1_5' title="bbox 54 2710 950 2874">
    <p class='ocr_par' dir='ltr' id='par_1_10' title="bbox 54 2710 950 2874">
     <span class='ocr_line' id='line_1_29' title="bbox 55 2710 950 2792; baseline 0 -20"><span class='ocrx_word' id='word_1_217' title='bbox 55 2713 94 2772; x_wconf 82' lang='lat' dir='ltr'><strong>Ic</strong></span> <span class='ocrx_word' id='word_1_218' title='bbox 105 2717 206 2789; x_wconf 69' lang='lat' dir='ltr'><strong>praet</strong></span> <span class='ocrx_word' id='word_1_219' title='bbox 241 2713 326 2771; x_wconf 91' lang='lat' dir='ltr'><strong>VllI.</strong></span> <span class='ocrx_word' id='word_1_220' title='bbox 339 2710 384 2770; x_wconf 86' lang='lat' dir='ltr'><strong>Et</strong></span> <span class='ocrx_word' id='word_1_221' title='bbox 396 2711 540 2768; x_wconf 82' lang='lat' dir='ltr'><strong>commoni</strong></span> <span class='ocrx_word' id='word_1_222' title='bbox 552 2713 714 2772; x_wconf 78' lang='lat' dir='ltr'><strong>rteoessitute</strong></span> <span class='ocrx_word' id='word_1_223' title='bbox 721 2715 862 2792; x_wconf 66' lang='lat' dir='ltr'><strong>proximi.</strong></span> <span class='ocrx_word' id='word_1_224' title='bbox 896 2715 950 2774; x_wconf 90' lang='lat' dir='ltr'><strong>IX.</strong></span> 
     </span>
     <span class='ocr_line' id='line_1_30' title="bbox 54 2793 487 2874; baseline -0.009 -20"><span class='ocrx_word' id='word_1_225' title='bbox 54 2793 106 2854; x_wconf 76' lang='lat' dir='ltr'><strong>Asc</strong></span> <span class='ocrx_word' id='word_1_226' title='bbox 120 2793 252 2874; x_wconf 81' lang='lat' dir='ltr'><strong>sufficiat</strong></span> <span class='ocrx_word' id='word_1_227' title='bbox 262 2804 394 2854; x_wconf 79' lang='lat' dir='ltr'><strong>mutuom</strong></span> <span class='ocrx_word' id='word_1_228' title='bbox 406 2793 487 2850; x_wconf 85' lang='lat' dir='ltr'><strong>dore.</strong></span> 
     </span>
    </p>
   </div>
   <div class='ocr_carea' id='block_1_6' title="bbox 18 2954 952 3932">
    <p class='ocr_par' dir='ltr' id='par_1_11' title="bbox 55 2954 706 3034">
     <span class='ocr_line' id='line_1_31' title="bbox 55 2954 706 3034; baseline -0.002 -18"><span class='ocrx_word' id='word_1_229' title='bbox 55 2958 116 3016; x_wconf 91' lang='lat' dir='ltr'><strong>AN</strong></span> <span class='ocrx_word' id='word_1_230' title='bbox 132 2957 200 3016; x_wconf 85' lang='lat' dir='ltr'><strong>dere</strong></span> <span class='ocrx_word' id='word_1_231' title='bbox 214 2957 420 3034; x_wconf 70' lang='lat' dir='ltr'><strong>eleemosynam</strong></span> <span class='ocrx_word' id='word_1_232' title='bbox 434 2966 478 3014; x_wconf 84' lang='lat' dir='ltr'><strong>est</strong></span> <span class='ocrx_word' id='word_1_233' title='bbox 492 2954 522 3012; x_wconf 93' lang='lat' dir='ltr'><strong>in</strong></span> <span class='ocrx_word' id='word_1_234' title='bbox 540 2957 706 3033; x_wconf 75' lang='lat' dir='ltr'><strong>praecepto?</strong></span> 
     </span>
    </p>

    <p class='ocr_par' dir='ltr' id='par_1_12' title="bbox 20 3036 950 3198">
     <span class='ocr_line' id='line_1_32' title="bbox 54 3036 950 3120; baseline 0.006 -23"><span class='ocrx_word' id='word_1_235' title='bbox 54 3040 77 3097; x_wconf 88' lang='lat'><strong>1.</strong></span> <span class='ocrx_word' id='word_1_236' title='bbox 93 3040 134 3098; x_wconf 88' lang='lat' dir='ltr'><strong>R.</strong></span> <span class='ocrx_word' id='word_1_237' title='bbox 149 3039 220 3098; x_wconf 88' lang='lat' dir='ltr'><strong>Fide</strong></span> <span class='ocrx_word' id='word_1_238' title='bbox 233 3051 342 3098; x_wconf 86' lang='lat' dir='ltr'><strong>certum</strong></span> <span class='ocrx_word' id='word_1_239' title='bbox 356 3049 400 3096; x_wconf 83' lang='lat' dir='ltr'><strong>est</strong></span> <span class='ocrx_word' id='word_1_240' title='bbox 412 3048 510 3096; x_wconf 83' lang='lat' dir='ltr'><strong>contm</strong></span> <span class='ocrx_word' id='word_1_241' title='bbox 533 3036 720 3110; x_wconf 81' lang='lat' dir='ltr'><strong>Manichoeos,</strong></span> <span class='ocrx_word' id='word_1_242' title='bbox 743 3038 803 3097; x_wconf 89' lang='lat' dir='ltr'><strong>dari</strong></span> <span class='ocrx_word' id='word_1_243' title='bbox 826 3056 950 3120; x_wconf 81' lang='lat' dir='ltr'><strong>ptaecep·</strong></span> 
     </span>
     <span class='ocr_line' id='line_1_33' title="bbox 20 3121 290 3198; baseline 0.004 -21"><span class='ocrx_word' id='word_1_244' title='bbox 20 3133 73 3178; x_wconf 85' lang='lat' dir='ltr'><strong>tum</strong></span> <span class='ocrx_word' id='word_1_245' title='bbox 88 3121 290 3198; x_wconf 68' lang='lat' dir='ltr'><strong>eleemosynre.</strong></span> 
     </span>
    </p>

    <p class='ocr_par' dir='ltr' id='par_1_13' title="bbox 20 3197 952 3605">
     <span class='ocr_line' id='line_1_34' title="bbox 55 3197 952 3281; baseline -0.002 -21"><span class='ocrx_word' id='word_1_246' title='bbox 55 3203 198 3260; x_wconf 88' lang='lat' dir='ltr'><strong>Probatur</strong></span> <span class='ocrx_word' id='word_1_247' title='bbox 211 3222 247 3260; x_wconf 89' lang='lat' dir='ltr'><strong>ex</strong></span> <span class='ocrx_word' id='word_1_248' title='bbox 261 3198 394 3260; x_wconf 88' lang='lat' dir='ltr'><strong>Matthaei</strong></span> <span class='ocrx_word' id='word_1_249' title='bbox 413 3215 475 3277; x_wconf 88' lang='lat' dir='ltr'><strong>cap.</strong></span> <span class='ocrx_word' id='word_1_250' title='bbox 488 3200 537 3258; x_wconf 73' lang='lat' dir='ltr'><strong>ut.</strong></span> <span class='ocrx_word' id='word_1_251' title='bbox 550 3198 600 3256; x_wconf 90' lang='lat' dir='ltr'><strong>ubi</strong></span> <span class='ocrx_word' id='word_1_252' title='bbox 615 3197 744 3260; x_wconf 82' lang='lat' dir='ltr'><strong>Christus</strong></span> <span class='ocrx_word' id='word_1_253' title='bbox 757 3202 848 3260; x_wconf 84' lang='lat' dir='ltr'><strong>varios</strong></span> <span class='ocrx_word' id='word_1_254' title='bbox 866 3198 952 3281; x_wconf 67' lang='lat' dir='ltr'><strong>prend</strong></span> 
     </span>
     <span class='ocr_line' id='line_1_35' title="bbox 20 3280 951 3364; baseline 0.003 -24"><span class='ocrx_word' id='word_1_255' title='bbox 20 3284 120 3342; x_wconf 71' lang='lat' dir='ltr'><strong>eterni</strong></span> <span class='ocrx_word' id='word_1_256' title='bbox 134 3283 292 3360; x_wconf 85' lang='lat' dir='ltr'><strong>puniendos</strong></span> <span class='ocrx_word' id='word_1_257' title='bbox 306 3283 391 3341; x_wconf 88' lang='lat' dir='ltr'><strong>docet</strong></span> <span class='ocrx_word' id='word_1_258' title='bbox 404 3282 440 3339; x_wconf 90' lang='lat' dir='ltr'><strong>ob</strong></span> <span class='ocrx_word' id='word_1_259' title='bbox 455 3280 634 3339; x_wconf 83' lang='lat' dir='ltr'><strong>omissionem</strong></span> <span class='ocrx_word' id='word_1_260' title='bbox 647 3282 853 3360; x_wconf 49' lang='lat' dir='ltr'><strong>eleemosyn&amp;</strong></span> <span class='ocrx_word' id='word_1_261' title='bbox 872 3284 951 3364; x_wconf 89' lang='lat' dir='ltr'><strong>atqui</strong></span> 
     </span>
     <span class='ocr_line' id='line_1_36' title="bbox 21 3362 951 3444; baseline 0.003 -24"><span class='ocrx_word' id='word_1_262' title='bbox 21 3365 110 3422; x_wconf 80' lang='lat' dir='ltr'><strong>nullus</strong></span> <span class='ocrx_word' id='word_1_263' title='bbox 125 3367 275 3424; x_wconf 84' lang='lat' dir='ltr'><strong>damnetur</strong></span> <span class='ocrx_word' id='word_1_264' title='bbox 287 3363 342 3421; x_wconf 82' lang='lat' dir='ltr'><strong>nini</strong></span> <span class='ocrx_word' id='word_1_265' title='bbox 355 3375 469 3440; x_wconf 87' lang='lat' dir='ltr'><strong>propter</strong></span> <span class='ocrx_word' id='word_1_266' title='bbox 481 3362 727 3438; x_wconf 77' lang='lat' dir='ltr'><strong>trnmgreesionem</strong></span> <span class='ocrx_word' id='word_1_267' title='bbox 741 3363 875 3444; x_wconf 73' lang='lat' dir='ltr'><strong>precepti</strong></span> <span class='ocrx_word' id='word_1_268' title='bbox 888 3385 951 3444; x_wconf 78' lang='lat' dir='ltr'><strong>gra·</strong></span> 
     </span>
     <span class='ocr_line' id='line_1_37' title="bbox 21 3445 951 3525; baseline 0.005 -24"><span class='ocrx_word' id='word_1_269' title='bbox 21 3445 86 3504; x_wconf 84' lang='lat' dir='ltr'><strong>riter</strong></span> <span class='ocrx_word' id='word_1_270' title='bbox 111 3445 282 3523; x_wconf 78' lang='lat' dir='ltr'><strong>obligantier</strong></span> <span class='ocrx_word' id='word_1_271' title='bbox 303 3465 371 3520; x_wconf 83' lang='lat' dir='ltr'><strong>ergo</strong></span> <span class='ocrx_word' id='word_1_272' title='bbox 398 3446 481 3503; x_wconf 86' lang='lat' dir='ltr'><strong>datur</strong></span> <span class='ocrx_word' id='word_1_273' title='bbox 503 3455 677 3522; x_wconf 87' lang='lat' dir='ltr'><strong>praeceptum</strong></span> <span class='ocrx_word' id='word_1_274' title='bbox 705 3445 893 3525; x_wconf 71' lang='lat' dir='ltr'><strong>eleemosynae</strong></span> <span class='ocrx_word' id='word_1_275' title='bbox 920 3457 951 3508; x_wconf 85' lang='lat' dir='ltr'><strong>et</strong></span> 
     </span>
     <span class='ocr_line' id='line_1_38' title="bbox 21 3525 439 3605; baseline -0.012 -18"><span class='ocrx_word' id='word_1_276' title='bbox 21 3529 132 3602; x_wconf 84' lang='lat' dir='ltr'><strong>quidem</strong></span> <span class='ocrx_word' id='word_1_277' title='bbox 146 3528 273 3605; x_wconf 78' lang='lat' dir='ltr'><strong>obligans</strong></span> <span class='ocrx_word' id='word_1_278' title='bbox 286 3528 338 3586; x_wconf 83' lang='lat' dir='ltr'><strong>sub</strong></span> <span class='ocrx_word' id='word_1_279' title='bbox 353 3525 439 3604; x_wconf 80' lang='lat' dir='ltr'><strong>gravi.</strong></span> 
     </span>
    </p>

    <p class='ocr_par' dir='ltr' id='par_1_14' title="bbox 21 3603 952 3770">
     <span class='ocr_line' id='line_1_39' title="bbox 55 3603 952 3686; baseline 0.001 -17"><span class='ocrx_word' id='word_1_280' title='bbox 55 3609 148 3669; x_wconf 81' lang='lat' dir='ltr'><strong>Juxta</strong></span> <span class='ocrx_word' id='word_1_281' title='bbox 162 3609 194 3669; x_wconf 88' lang='lat' dir='ltr'><strong>S.</strong></span> <span class='ocrx_word' id='word_1_282' title='bbox 208 3608 311 3668; x_wconf 87' lang='lat' dir='ltr'><strong>Thom.</strong></span> <span class='ocrx_word' id='word_1_283' title='bbox 328 3607 375 3668; x_wconf 90' lang='lat' dir='ltr'><strong>hlc</strong></span> <span class='ocrx_word' id='word_1_284' title='bbox 387 3608 424 3666; x_wconf 86' lang='lat' dir='ltr'><strong>ed</strong></span> <span class='ocrx_word' id='word_1_285' title='bbox 437 3607 466 3664; x_wconf 80' lang='lat' dir='ltr'><strong>t.</strong></span> <span class='ocrx_word' id='word_1_286' title='bbox 480 3605 624 3665; x_wconf 84' lang='lat' dir='ltr'><strong>reducitur</strong></span> <span class='ocrx_word' id='word_1_287' title='bbox 644 3603 699 3665; x_wconf 89' lang='lat' dir='ltr'><strong>hoc</strong></span> <span class='ocrx_word' id='word_1_288' title='bbox 720 3619 894 3686; x_wconf 86' lang='lat' dir='ltr'><strong>prteceptum</strong></span> <span class='ocrx_word' id='word_1_289' title='bbox 914 3611 952 3670; x_wconf 88' lang='lat' dir='ltr'><strong>ad</strong></span> 
     </span>
     <span class='ocr_line' id='line_1_40' title="bbox 21 3687 897 3770; baseline 0 -20"><span class='ocrx_word' id='word_1_290' title='bbox 21 3703 149 3767; x_wconf 80' lang='lat' dir='ltr'><strong>quartum</strong></span> <span class='ocrx_word' id='word_1_291' title='bbox 162 3703 337 3770; x_wconf 71' lang='lat' dir='ltr'><strong>preceptum</strong></span> <span class='ocrx_word' id='word_1_292' title='bbox 350 3687 509 3764; x_wconf 79' lang='lat' dir='ltr'><strong>Decalogi:</strong></span> <span class='ocrx_word' id='word_1_293' title='bbox 531 3693 548 3724; x_wconf 87' lang='lat'><strong><em>“</em></strong></span> <span class='ocrx_word' id='word_1_294' title='bbox 558 3687 677 3746; x_wconf 83' lang='lat' dir='ltr'><strong>Honore</strong></span> <span class='ocrx_word' id='word_1_295' title='bbox 691 3688 831 3760; x_wconf 77' lang='lat' dir='ltr'><strong>Putrem,”</strong></span> <span class='ocrx_word' id='word_1_296' title='bbox 845 3692 897 3750; x_wconf 76' lang='lat' dir='ltr'><strong>&amp;o</strong></span> 
     </span>
    </p>

    <p class='ocr_par' dir='ltr' id='par_1_15' title="bbox 18 3769 950 3932">
     <span class='ocr_line' id='line_1_41' title="bbox 56 3769 950 3918; baseline 0 -86"><span class='ocrx_word' id='word_1_297' title='bbox 56 3773 246 3918; x_wconf 51' lang='lat' dir='ltr'><strong>Quantponam</strong></span> <span class='ocrx_word' id='word_1_298' title='bbox 266 3771 372 3850; x_wconf 80' lang='lat' dir='ltr'><strong>obligat</strong></span> <span class='ocrx_word' id='word_1_299' title='bbox 384 3780 558 3850; x_wconf 78' lang='lat' dir='ltr'><strong>preceptum</strong></span> <span class='ocrx_word' id='word_1_300' title='bbox 571 3769 656 3830; x_wconf 89' lang='lat' dir='ltr'><strong>dandi</strong></span> <span class='ocrx_word' id='word_1_301' title='bbox 669 3769 875 3852; x_wconf 65' lang='lat' dir='ltr'><strong>eleemosynam</strong></span> <span class='ocrx_word' id='word_1_302' title='bbox 889 3791 950 3832; x_wconf 89' lang='lat' dir='ltr'><strong>cor·</strong></span> 
     </span>
     <span class='ocr_line' id='line_1_42' title="bbox 18 3855 143 3932; baseline 0 -15"><span class='ocrx_word' id='word_1_303' title='bbox 18 3855 143 3932; x_wconf 77' lang='lat' dir='ltr'><strong>penalem</strong></span> 
     </span>
    </p>
   </div>
   <div class='ocr_carea' id='block_1_7' title="bbox 0 0 1118 4064">
    <p class='ocr_par' dir='ltr' id='par_1_16' title="bbox 0 0 1118 4064">
     <span class='ocr_line' id='line_1_43' title="bbox 0 0 1118 4064; baseline 0 0"><span class='ocrx_word' id='word_1_304' title='bbox 0 0 1118 4064; x_wconf 95' lang='lat' dir='ltr'><strong> </strong></span> 
     </span>
    </p>
   </div>
  </div>
 </body>
</html>
